3192 4909
361 417 448 494 2126
518 438 629 492 cunm
652 431 838 489 secusne
861 437 915 489 nn
937 435 1070 488 niueos
1095 435 1313 487 snnsnrnsr.

357 581 496 632 restitutus
508 579 565 630 sits
576 575 684 630 Nerone
696 585 724 629 et
741 579 890 630 Germsuiae
931 586 1128 642 suspectsretur
1134 580 1170 629 ob
1177 577 1278 640 luxum,
1284 575 1445 639 mollitiemet

358 657 516 724 prepositus
536 663 595 721 post
606 656 721 717 exilium,
732 670 781 704 non
800 656 892 720 liquet,
931 654 1030 719 flagitia
1050 655 1201 720 libidinum,
1221 655 1314 719 quibus
1339 654 1401 702 ustie
1424 653 1445 703 is

359 734 462 800 quises
472 733 652 799 purslslstorite
670 731 749 796 periit
761 731 830 795 apud
842 731 891 780 Ts·
931 731 1171 794 vulgussudiebet.
1206 729 1289 780 Sicut
1303 728 1356 778 fere
1369 728 1444 778 eodeu

358 809 447 860 citum.
930 813 1048 870 tempore
1065 820 1117 872 quo
1136 807 1289 868 Venturos,
1306 806 1379 854 etism
1385 805 1446 854 testi·

389 885 440 935 Sed
453 883 522 935 forte
533 885 579 934 otii
596 891 623 934 et
636 883 706 948 pacis
717 881 824 944 cupido,
836 882 889 931 elo·
931 888 1003 932 tutus
1019 891 1060 932 est
1078 885 1275 947 vespesisuus3
1297 882 1338 944 qni
1357 889 1381 930 et
1398 880 1443 932 fen

250 969 254 978 “
357 960 471 1026 quentin
490 965 518 1010 et
541 960 685 1010 studiorum
706 973 777 1008 umor
794 955 845 1006 fuit
861 957 889 1007 lu
929 959 1314 1009 exulsbstsmotusinderlem
1323 958 1444 1018 eiritstess,

357 1049 446 1098 muse,
469 1049 515 1085 cur
536 1035 624 1098 potius
648 1035 841 1093 restitueretur,
861 1037 889 1081 et
924 1035 1010 1099 jussus
1029 1036 1159 1086 eilberto
1180 1034 1294 1085 Csessris
1311 1033 1372 1082 obire
1390 1033 1444 1080 lfsr·

355 1111 401 1162 tsli
411 1111 550 1175 provincie
562 1111 748 1172 imponeretur.
781 1108 888 1172 Quippe
928 1109 1030 1174 Noun,
1049 1111 1118 1175 quod
1134 1113 1162 1160 in
1178 1112 1284 1161 tbestro
1303 1108 1444 1168 dormitsret,

355 1185 429 1237 Nero
443 1187 576 1246 virtutem,
585 1184 756 1246 nobilitsteur,
766 1191 794 1233 et
808 1184 887 1234 duces
928 1194 1049 1236 csutsute
1073 1189 1193 1249 Nerone,
1216 1195 1246 1236 et
1268 1185 1393 1249 impositus
1411 1189 1444 1231 cst

354 1263 424 1314 bello
441 1262 542 1312 feroces
556 1261 725 1324 suspectabat
741 1275 772 1309 ec
787 1267 886 1310 metue·
927 1264 997 1313 bello
1008 1264 1130 1325 ludoico,
1139 1265 1204 1330 quis
1213 1263 1271 1312 scil.
1283 1277 1328 1323 pur
1337 1259 1442 1309 erstbuic

354 1339 417 1390 bnt:
435 1346 463 1389 et
474 1338 544 1388 forte
556 1339 593 1386 sic
606 1338 694 1401 specie
705 1338 810 1388 honoris
821 1339 887 1386 sele·
928 1341 1067 1403 provincie
1087 1355 1120 1389 ex
1135 1339 1209 1389 fame
1228 1336 1346 1394 virtntls;
1361 1349 1403 1384 uec
1412 1340 1442 1383 n·

355 1420 431 1478 gntus
442 1423 469 1463 et
481 1423 582 1463 emotus
594 1414 673 1464 estin
691 1412 831 1478 regionem,
842 1411 887 1462 ubi
927 1428 986 1462 uren
1007 1413 1162 1464 formidetur
1174 1414 1239 1475 fuit,
1262 1414 1295 1462 ob
1316 1410 1440 1473 ignobilits·

354 1489 430 1553 psuci
441 1489 560 1552 juvenes,
571 1503 679 1553 quorum
690 1485 887 1537 studicforcret
925 1495 980 1540 tem
1000 1492 1051 1540 loci
1070 1499 1098 1539 et
1116 1492 1234 1540 modicus
1253 1503 1329 1551 opes:
1345 1485 1440 1534 undeet

353 1566 502 1630 eloquentie
519 1581 566 1614 sus
583 1567 729 1628 Verginius.
763 1565 841 1614 Forte
852 1579 886 1614 ex
924 1565 1030 1616 fortune
1048 1567 1116 1616 illius
1127 1569 1220 1617 stetim
1240 1563 1384 1624 ensicuit,et
1394 1562 1440 1623 jen

354 1641 476 1706 cupidine
495 1643 540 1691 ills
551 1643 598 1691 otii
609 1650 637 1692 et
656 1642 796 1701 liteturum,
811 1641 886 1690 sirnui
925 1647 980 1690 tuns
991 1643 1062 1692 clere
1079 1640 1311 1700 nummularis,
1328 1636 1392 1702 qussi
1402 1649 1440 1698 pst

352 1724 381 1768 et
392 1731 425 1767 ex
436 1718 543 1782 ignobili
560 1719 653 1782 stirpe,
670 1733 701 1766 en
721 1733 803 1782 usqne
814 1732 885 1779 spre-
925 1717 983 1766 orbi
1003 1718 1119 1781 regendo
1141 1726 1223 1766 esset.
1264 1717 1307 1765 ltu
1321 1719 1348 1762 et
1363 1708 1438 1774 vergi·

352 1801 395 1843 tus
406 1799 446 1844 est
458 1795 565 1854 Neroni,
577 1803 605 1842 nt
625 1808 683 1843 euru
696 1794 829 1857 imponere
841 1808 884 1841 eu·
923 1793 990 1856 uine,
1000 1793 1063 1843 licet
1074 1795 1145 1853 exul,
1166 1793 1254 1858 potuit
1270 1789 1344 1839 fucile
1353 1784 1439 1836 restitui

351 1867 428 1920 deret
451 1869 596 1933 legionibus
623 1869 796 1929 Genusnicis,
825 1875 885 1930 post
923 1869 1136 1933 sNeronc,quis
1154 1866 1336 1919 innoceusille
1352 1868 1378 1912 et
1393 1861 1437 1909 sits

351 1947 460 2007 occisos,
472 1952 499 1993 ut
517 1953 590 2008 puto,
610 1942 705 1994 fratres
726 1944 884 2005 Scribonios,
922 1942 1066 2007 inculpsts,
1088 1953 1116 1993 et
1133 1946 1212 1994 simul
1235 1941 1331 2007 imponi
1349 1939 1437 1988 Gerus·

352 2020 396 2086 qui
406 2033 461 2069 enm
472 2021 629 2082 provinciam
642 2027 776 2072 rexerunt:
794 2021 821 2068 in
831 2033 883 2084 qno
923 2019 984 2079 niu,
995 2021 1054 2082 quis
1065 2019 1172 2068 modicis
1183 2017 1288 2082 opibus,
1298 2016 1354 2080 quis
1363 2025 1435 2077 equet-

350 2095 446 2160 purtlm
457 2096 527 2144 clere
543 2110 584 2144 res
595 2101 623 2144 et
639 2095 743 2158 iugeuis
763 2095 884 2159 praeridit
923 2095 971 2144 tris
983 2096 1044 2156 loci,
1054 2104 1082 2145 et
1091 2096 1200 2158 ignobili
1211 2103 1287 2158 petre
1295 2101 1363 2142 ortus
1378 2095 1434 2145 esst,

350 2172 431 2236 Nero,
452 2173 547 2237 purtim
576 2172 653 2221 etism
686 2173 812 2235 deeeptus
832 2180 882 2223 est.
923 2171 983 2236 quis
1004 2186 1052 2234 pur
1070 2172 1130 2221 hnic
1151 2171 1294 2236 provinciae
1320 2166 1436 2232 regeudct

349 2247 418 2300 Num
446 2249 529 2298 noluit
551 2247 688 2312 Verginius
708 2247 882 2312 principetum
921 2255 1067 2297 uectsuseu
1079 2263 1159 2311 suprs
1176 2249 1284 2312 spin'tus
1303 2247 1432 2306 sltosgetc·

348 2321 407 2386 sibi,
417 2337 502 2387 neque
526 2322 634 2381 Neroni,
653 2331 700 2371 sut
718 2321 822 2385 Gslbae,
835 2321 881 2371 sed
921 2331 970 2386 ret,
980 2322 1049 2372 unde
1070 2338 1120 2374 nec
1138 2322 1289 2373 ambitionis
1309 2315 1433 2382 suspected

348 2398 510 2462 seustui,sed
518 2399 617 2461 petrice,
626 2405 656 2447 ut
664 2398 777 2461 optimus
786 2397 880 2448 civium
920 2399 1016 2462 potuit.
1049 2399 1119 2449 ffiuc
1140 2398 1248 2450 fortuus
1264 2399 1309 2447 illu
1324 2395 1433 2456 ingemet

347 2475 471 2539 princeps
482 2474 586 2522 tendern
602 2473 751 2536 eligeretur.
919 2473 1017 2537 pende
1027 2472 1118 2536 fetum,
1129 2488 1179 2538 qno
1201 2473 1301 2538 sprevit
1310 2473 1383 2534 ipsum
1391 2464 1432 2514 for·

380 2550 438 2602 Nec
458 2549 523 2598 adeo
535 2550 639 2610 mirum,
656 2549 724 2614 quod
743 2550 879 2600 restitutus
920 2556 1019 2614 tunsus,
1030 2565 1080 2615 quo
1097 2548 1157 2600 fetis
1167 2552 1232 2615 ipsis
1242 2545 1431 2613 msjorfuitqttt

347 2625 384 2677 sit
393 2626 531 2689 Verginius
551 2633 579 2674 et
592 2631 727 2675 rerocstus
740 2625 773 2674 eb
792 2626 879 2692 exilio,
919 2626 998 2676 toties
1009 2627 1124 2677 oblatum
1136 2644 1152 2677 e
1160 2627 1304 2692 legionibus
1314 2619 1429 2686 imperim

345 2708 378 2753 ut
403 2701 527 2751 bonorem
560 2701 696 2765 legationis
722 2706 880 2764 capesseret.
919 2715 1042 2766 spernere
1061 2705 1149 2767 potuit
1159 2713 1187 2753 et
1198 2705 1291 2764 votuit,
1309 2714 1353 2764 qno
1363 2692 1429 2761 glosis

346 2781 415 2833 Nem
427 2788 456 2830 et
467 2782 504 2828 sic
514 2779 649 2827 restitutus
659 2785 739 2828 antee
750 2786 808 2826 eret
820 2779 878 2827 Mu·
918 2779 1010 2842 ipsust
1016 2778 1163 2843 principatu
1172 2781 1258 2845 uqu'or
1266 2777 1365 2829 tundent
1373 2771 1428 2819 sistit

347 2857 624 2920 ulsnus,quirnoxter
640 2855 738 2904 consul.
774 2853 809 2903 Et
819 2854 878 2903 Mn·
917 2863 967 2903 cst.
1001 2855 1174 2930 piguissimus
1194 2871 1228 2904 eo
1243 2852 1344 2915 fastigio
1361 2849 1427 2910 impt-

347 2931 435 2982 cisnus
456 2931 511 2994 ipse
534 2940 610 2979 etiarn
633 2928 690 2979 fere
708 2929 832 2980 exnlnbst
850 2930 877 2978 iu
916 2935 997 2993 sutor,
1015 2929 1059 2994 qni
1078 2931 1156 2980 toties
1174 2929 1305 2996 festigium
1325 2923 1386 2974 infr!
1403 2931 1427 2969 ⁸⁰

347 3007 492 3072 Lycis,sut
512 3006 651 3068 longinquo
672 3005 722 3054 elio
740 3005 876 3068 loco,curn
916 3003 1052 3070 despexit:
1069 3005 1162 3070 dignus
1184 3015 1259 3059 certe
1274 3005 1312 3055 rit
1330 3000 1426 3058 itm,

345 3083 428 3147 Syrios
445 3081 585 3148 provincius
598 3081 732 3144 impositus
742 3090 792 3144 est,
803 3089 876 3146 puto,
916 3079 1073 3131 sedfortuus
1082 3081 1425 3150 virotndtgnsrtssesnsqst

346 3159 407 3224 qeiu
414 3157 521 3208 modice
529 3157 572 3207 ille
583 3154 670 3221 ferne,
678 3162 705 3207 et
713 3157 774 3223 quis
785 3172 876 3222 pssum
916 3157 954 3209 sic
965 3157 1063 3223 despici
1075 3160 1171 3224 potuit.
