3192 4909
591 399 638 448 nr
659 396 859 450 sueorssro
880 395 1023 482 orans.
1263 377 1352 448 elea

241 549 382 626 mamm
401 561 508 626 nsque
528 540 640 606 Julius
655 539 851 624 Imperator,
872 539 928 604 vel
940 533 1112 622 Augustus
1125 537 1254 618 Gaesar,
1268 541 1350 606 ado·

245 646 355 714 rande
369 646 450 710 mihi
464 643 593 708 eminus
615 643 759 721 nomina,
780 661 844 706 neo
871 659 1009 705 accessu
1022 641 1175 724 propiore
1193 643 1349 708 violanda

245 766 339 812 nunc
361 746 448 810 bello
474 741 703 809 lacessuntur!
748 743 817 808 Sed
841 741 987 808 nondum
1015 742 1141 806 linitam
1165 745 1347 808 orationem

245 849 360 914 turbat
381 849 524 912 militum
545 853 579 910 et
600 843 1122 934 populiolamor,1mperatorem
1137 847 1346 912 consalutan-

247 950 342 1016 tium.
386 947 509 1026 Galba,
523 948 659 1012 laudato
673 965 786 1010 eorum
796 963 876 1028 erga
887 944 1030 1008 salutem
1039 944 1208 1027 publicam
1222 947 1345 1025 studio,

246 1057 390 1134 accepta
400 1071 445 1128 re,
459 1050 588 1116 nomine
602 1047 783 1132 repudiato,
797 1047 941 1129 legatum
963 1065 1001 1109 se
1015 1045 1156 1110 Senatus
1177 1065 1219 1110 ac
1231 1049 1346 1130 populi

246 1149 349 1216 Rom.
365 1151 534 1235 professus
548 1155 608 1214 est.
653 1149 814 1213 Proxima
833 1166 916 1212 cura
937 1145 1002 1211 fuit
1019 1147 1130 1229 copiis
1148 1147 1346 1212 militaribus

247 1271 324 1318 sese
349 1253 488 1330 firmare,
502 1257 536 1318 et
556 1251 753 1318 invidiosum
766 1269 884 1315 nomeu
899 1249 1004 1313 turbis
1018 1248 1204 1312 detrahere:
1226 1250 1347 1315 obtulit

248 1372 287 1418 se
299 1355 480 1437 provinciae
494 1355 593 1437 plebs
607 1355 690 1418 miro
700 1353 848 1434 undique
858 1351 1029 1416 confluxu.
1074 1349 1186 1450 Novae
1199 1353 1346 1434 legiones

245 1458 282 1518 et
295 1455 422 1520 auxilia
434 1456 735 1531 conscribebantur,
745 1452 902 1536 juvitque
915 1453 1146 1516 necessitatem
1159 1473 1271 1532 casus,
1286 1453 1345 1537 qui

243 1573 367 1620 navem
387 1552 804 1638 Alexandrinam·appulit
826 1553 928 1616 armis
946 1559 1111 1631 onustam,
1134 1555 1205 1618 sine
1226 1557 1343 1636 garber-

243 1660 371 1735 natore,
388 1658 581 1735 sinenauta,
596 1675 637 1722 ac
651 1661 785 1720 vectore
800 1655 881 1719 ullo.
926 1653 1087 1737 Magnum
1110 1659 1256 1721 accessit
1276 1657 1344 1722 sor·
1461 1653 1466 1660 ’

246 1765 328 1824 tuna
342 1760 415 1823 baec
438 1759 481 1822 ad
494 1759 542 1822 rei
557 1777 719 1822 summam
740 1761 958 1837 momentum
980 1762 1017 1821 ut
1034 1757 1107 1840 jam
1130 1759 1253 1822 nemini
1283 1758 1344 1824 du-

245 1861 338 1926 bium
351 1866 449 1938 esset,
461 1860 589 1943 justum
604 1861 761 1943 piumque
784 1863 818 1922 et
839 1858 1028 1922 faventibus
1043 1858 1120 1923 Diis
1133 1859 1257 1922 bellum
1270 1878 1343 1924 sus·

245 1963 327 2045 cipi.
372 1962 501 2026 Deinde
514 1980 558 2024 ex
572 1963 805 2046 praesentibus,
821 1960 878 2045 qui
898 1960 1071 2044 prudentia
1094 1965 1127 2024 et
1141 1965 1241 2024 mtute
1255 1979 1342 2043 prm-

244 2067 380 2140 starent‚
404 2063 496 2127 velut
523 2064 627 2128 instar
652 2067 784 2128 senatus
806 2062 950 2126 instituit
973 2059 1097 2139 Galba,
1120 2067 1155 2125 et
1178 2064 1342 2144 equestris

245 2164 370 2228 ordinis
381 2153 520 2247 juvenes
537 2165 666 2247 delegit,
683 2164 741 2246 qui
761 2163 923 2227 excubias
937 2161 1027 2226 circa
1041 2163 1231 2226 cubiculum
1245 2183 1342 2228 suum

244 2264 320 2328 vice
334 2264 473 2327 militum
489 2268 630 2346 agerent.
675 2263 785 2327 Etiam
803 2283 864 2347 per
875 2262 1067 2346 prouincias
1080 2261 1192 2327 edicta
1204 2264 1341 2344 dimisit,

245 2369 361 2430 auctor
377 2368 387 2398 ‘
402 2366 541 2447 singulis
550 2365 777 2447 universisque
792 2363 1010 2447 conspirandi
1024 2385 1035 2444 3
1053 2363 1153 2427 simul
1163 2368 1207 2442 et,
1221 2371 1259 2430 ut
1274 2386 1341 2451 qua

244 2471 360 2548 posset
373 2466 514 2550 quisque
528 2485 639 2550 opera,
650 2484 855 2530 communem
868 2466 1183 2550 causemjmarent?
1227 2467 1341 2548 Multi,

246 2565 377 2633 deserto
400 2568 544 2647 Nerone,
558 2570 592 2632 in
617 2567 691 2651 ejus
713 2573 825 2652 partes
847 2568 1039 2645 transibant,
1054 2572 1088 2633 et
1110 2569 1193 2635 iuter
1214 2574 1341 2655 primos

246 2664 297 2732 Μ.
312 2669 445 2734 Salvius
457 2668 557 2747 Otho,
573 2677 651 2735 tuno
666 2669 847 2734 Lusitaniae
867 2674 985 2745 rector,
999 2669 1123 2734 collata
1136 2673 1341 2755 supellectile

244 2769 490 2851 pretiosissima
503 2769 707 2834 excudenda
722 2768 886 2852 pecuniae.
923 2767 964 2830 In
974 2767 1152 2834 Germania
1166 2776 1340 2856 superiori,

244 2869 423 2947 exercitus,
439 2871 624 2953 perspectis
643 2868 786 2934 Neronis
800 2870 925 2934 viribus
946 2867 1125 2952 plurimum
1148 2872 1340 2955 imminutis,

246 2971 361 3038 Gallia
373 2972 409 3036 in
422 2979 572 3056 apertam
585 2971 797 3036 rebellionem
819 2971 944 3048 exeita,
961 2970 1133 3055 Hispania
1146 2973 1340 3060 Principem

244 3077 437 3152 ostentante,
453 3074 528 3138 aliis
541 3073 723 3158 provinciis
737 3073 939 3150 nutantibus,
952 3078 1067 3154 totque
1078 3074 1165 3138 votis
1182 3077 1217 3139 in
1237 3097 1340 3144 unum

243 3172 321 3238 licet
341 3174 572 3257 imperatorem
592 3193 659 3238 non
681 3173 959 3256 conspirantibus,
975 3171 1143 3245 Neronem
1155 3181 1265 3240 tamen
1279 3197 1340 3261 pn-

240 3273 312 3338 lam
334 3274 495 3340 hostiliter
514 3278 591 3360 poti,
611 3275 821 3340 considerato
843 3275 971 3353 robore,
986 3294 1052 3359 quo
1072 3294 1158 3340 nunc
1179 3277 1339 3345 collectim

243 3375 386 3454 valebat,
401 3377 462 3458 qui
475 3385 551 3442 ante
564 3377 600 3439 in
614 3378 766 3442 cohortos
780 3383 814 3441 et
827 3381 954 3441 humus
968 3396 1027 3459 per
1040 3379 1201 3460 praesidia
1213 3379 1339 3464 disper·

245 3495 304 3540 sas
318 3482 413 3556 esset,
428 3496 449 3541 a
462 3478 573 3544 Galba
587 3480 728 3553 alienus,
756 3482 789 3542 et
803 3477 1004 3542 contumelia
1020 3478 1114 3542 ferox
1134 3479 1344 3566 fremensque

245 3576 289 3640 ab
311 3597 378 3640 una
393 3579 521 3660 legione
545 3580 609 3643 sibi
632 3580 818 3662 principem
840 3579 978 3660 imponi,
999 3581 1115 3644 statuit
1126 3583 1339 3648 transferendi

246 3675 460 3760 Principatus
487 3680 623 3762 gloriam
646 3697 823 3763 occupare.
868 3678 912 3744 Et
938 3680 973 3743 in
996 3682 1150 3763 proximo
1174 3691 1257 3761 erat,
1281 3686 1339 3769 qui

245 3777 326 3842 tanti
341 3778 494 3844 beneficii
508 3779 686 3845 honoribus
702 3800 763 3864 par
776 3788 867 3847 esset
880 3779 1057 3864 Verginius
1072 3781 1183 3848 Rufus
1195 3784 1339 3866 legatus,

245 3881 350 3964 etqui
365 3879 465 3944 domo
479 3880 558 3944 licet
578 3882 686 3944 minus
706 3882 823 3960 nobili,
835 3887 976 3948 adamar
990 3885 1116 3961 virtute,
1126 3884 1227 3961 fama,
1242 3886 1338 3951 rebus

244 3982 398 4062 gastinel
412 3981 571 4065 quicquid
586 3983 829 4047 estimantibus
851 3985 886 4047 iu
910 3985 1132 4070 praerogativa
1149 3988 1211 4061 est,
1228 3983 1339 4068 Galba

244 4081 353 4163 potior
375 4084 592 4170 censebatur,
623 4081 742 4164 ‘Hie'
754 4082 955 4168 inquiebant,
979 4084 1173 4164 ‘gentilitiis
1187 4085 1338 4169 imagini·

244 4181 308 4246 bus
329 4183 360 4248 si
380 4185 504 4260 anteire
525 4183 672 4270 dicatam
694 4189 730 4252 at
752 4183 901 4264 Gahrlus,
914 4183 1020 4272 gentis
1041 4195 1144 4272 caput
1165 4193 1199 4256 et
1220 4191 1336 4270 decus,
