3192 4909
313 389 400 456 1778
665 405 696 454 o.
719 403 905 453 coauann
928 403 1058 452 ιιοιιι
1256 408 1417 474 [numus.

315 551 494 628 neti5urbe
519 551 554 615 in
573 549 659 634 ipsa,
681 550 770 614 velut
793 549 1000 634 peregrinum
1015 550 1116 614 olium
1130 549 1301 632 permisit:
1334 571 1419 633 quo—

313 665 389 716 rum
410 651 493 716 altor
517 651 676 716 bellorum
690 653 814 729 socius,
830 652 911 714 alter
925 649 1046 714 Rornae
1069 651 1221 733 pluribus
1245 651 1419 716 laboribus

312 754 474 839 jactatus,
489 751 603 835 ampla
617 750 762 834 quidem,
780 752 839 815 sed
853 769 916 835 pro
929 752 1114 833 ingentibus
1128 753 1263 829 meritiS,
1278 753 1422 834 praemia

317 858 525 936 scooperant
570 853 644 935 Ego
667 852 748 936 quid
769 851 858 916 aliud
883 853 1130 918 munificentiae?
1150 858 1231 918 brae*
1245 853 1419 919 adbibere*l

316 956 424 1040 potui,
439 975 539 1038 quem
552 956 673 1033 studia,
690 961 727 1019 ut
742 957 791 1019 sic
806 955 962 1030 dixerim,
971 955 1006 1018 in
1018 957 1154 1018 umbrat·
1163 953 1346 1018 educatal³
1370 960 1421 1018 et⁴

317 1156 394 1208 quam
405 1143 537 1206 quietem:
564 1157 673 1207 quorum
691 1143 760 1192 alter
779 1143 927 1208 praeliorum
939 1144 1080 1208 particeps,
1090 1144 1159 1193 alter
1180 1143 1205 1192 in
1224 1141 1288 1192 urbe
1304 1141 1422 1204 plurimis

317 1207 386 1255 curis
402 1206 526 1268 agitatus,
537 1212 695 1270 acceperant
706 1222 800 1272 magna
812 1208 915 1272 quidem
928 1222 1044 1268 munera,
1062 1207 1109 1256 sed
1128 1220 1174 1270 pro
1194 1206 1357 1270 amplissimis
1369 1204 1424 1254 olli·

316 1269 373 1318 ciis.
406 1271 463 1332 Ego
474 1270 536 1347 quid
552 1271 622 1319 aiud
633 1270 696 1320 dare
707 1279 753 1321 ant
765 1270 860 1321 afferre
878 1273 952 1334 potui
971 1285 1076 1321 summae
1094 1271 1248 1321 liberalitati
1268 1279 1332 1332 tuse,
1343 1285 1422 1334 quum

315 1333 417 1396 literas,
433 1341 462 1383 ut
482 1341 520 1383 lta
536 1334 630 1398 dicam,
649 1335 676 1384 in
693 1336 784 1385 umbra
795 1337 941 1386 enutritas?
965 1337 1005 1385 Ex
1025 1335 1115 1402 quibus
1127 1334 1207 1385 decus
1218 1342 1331 1396 emanat,
1350 1334 1421 1400 quud

316 1547 463 1594 utrum—ll,
474 1543 518 1592 lta
531 1543 656 1592 Ernestus
667 1555 682 1591 e
695 1543 746 1593 Ms.
756 1541 822 1608 Agr.
854 1541 898 1592 Sic
909 1555 1008 1608 quoque
1020 1543 1084 1595 Mus.
1096 1542 1172 1591 Harl.
1184 1542 1262 1592 Bodl.
1273 1541 1329 1592 ιιι.
1365 1541 1424 1590 lira

319 1607 395 1656 abest
405 1619 421 1654 a
432 1606 562 1656 veteribus
574 1607 744 1666 editionibus,
755 1614 784 1655 et
801 1621 816 1655 ι
837 1607 969 1656 Gronovio
989 1613 1016 1656 et
1033 1606 1193 1671 Ryckio.—3
1211 1604 1318 1655 Amicus
1330 1605 1424 1718 lipckii

316 1671 407 1720 mallet
417 1671 569 1720 educti—i
585 1671 627 1720 Sic
640 1671 705 1720 bene
718 1671 866 1720 Gronovius
879 1685 893 1718 e
905 1671 957 1720 ills.
971 1671 1041 1720 Flor.
1075 1671 1107 1720 ln
1128 1671 1180 1719 Ms.
1197 1670 1264 1733 Reg.
1284 1677 1313 1718 et
1330 1683 1344 1718 e
1363 1669 1423 1718 itio-

240 1740 242 1747 ’
318 1734 394 1824 nibus
414 1734 554 1797 veteribus,
572 1748 585 1783 e
604 1734 696 1798 quibus.
729 1735 761 1784 ln
779 1735 843 1784 Mes.
863 1735 938 1783 Harl.
956 1734 1099 1786 Bodl.ies.
1118 1750 1134 1783 ιι
1152 1735 1243 1797 quibus.
1276 1733 1423 1783 Brotier.-—

815 1881 922 1932 NOTAE

317 1973 390 2025 fecta
408 1973 467 2024 est!
509 1975 559 2038 Sed
584 1976 630 2026 bas
655 1977 778 2027 minutias
798 1993 850 2028 non
889 1979 1243 2042 busstudiisseuecapater
1260 1975 1383 2025 controv.
1403 1973 1422 2022 l.

317 2050 409 2100 stricte
425 2051 563 2114 exequitur
573 2052 689 2114 Tacitus,
705 2054 850 2116 praesertim
889 2067 929 2104 rx.
943 2052 1051 2105 Praefat.
1067 2055 1153 2103 ‘Cum
1166 2057 1270 2101 ventum
1282 2057 1323 2098 est
1339 2048 1365 2096 in
1383 2047 1423 2096 lo·

317 2125 345 2175 ln
362 2125 521 2174 orationibus
532 2142 538 2174 :
563 2139 644 2190 quare
654 2133 759 2176 maneat
770 2127 851 2192 scrip·
889 2143 953 2192 rum,
964 2136 991 2178 et
1003 2129 1079 2178 desiit
1089 2129 1146 2178 illos
1157 2127 1190 2176 sd
1201 2139 1302 2175 omnem
1320 2129 1420 2188 gestum

316 2201 490 2264 sistericen.
524 2201 605 2250 sicet
622 2200 740 2254 instato.
756 2204 765 2230 ‘
775 2203 848 2253 Avus
888 2205 995 2268 plausus
1013 2204 1144 2268 excipere,
1161 2208 1206 2251 sut
1223 2199 1358 2260 deficiunt,
1375 2205 1422 2249 aut

316 2290 390 2326 meus
413 2274 564 2338 Augustus,'
591 2277 635 2340 qui
661 2286 733 2327 certe
759 2280 849 2344 quiuto
887 2279 986 2330 labent.
1018 2277 1112 2342 Adjice
1131 2290 1210 2338 nuno,
1225 2274 1294 2341 quod
1314 2274 1346 2323 sb
1364 2274 1421 2323 eliis

316 2350 409 2415 gradu,
420 2358 447 2399 et
456 2349 543 2398 ιιΙιιιυιιι
553 2349 604 2398 dici
616 2350 713 2403 debuit.
889 2355 982 2404 nullius
991 2355 1139 2404 interuentu
1152 2352 1292 2412 excutitur,
1302 2365 1377 2400 nemo
1387 2365 1422 2400 ex

317 2468 320 2474 .
351 2432 363 2457 ⁰
394 2424 512 2488 Agrippa
538 2427 697 2490 Mitylenae
721 2429 849 2494 recremm]
890 2428 1192 2493 iudustriaobloquitur;
1208 2425 1346 2474 familiares
1361 2431 1424 2474 sunt

317 2499 372 2552 Dio
382 2500 420 2551 sio
431 2514 485 2550 rem
497 2507 587 2550 narrat
598 2502 614 2551 Ι.
624 2501 849 2568 nuln‘Augustus
890 2505 1001 2554 omnium
1021 2505 1114 2554 vultus.
1162 2502 1194 2551 lu
1216 2500 1283 2563 foro,
1304 2507 1333 2549 ut
1357 2499 1423 2550 nibil

318 2576 432 2624 allevato
440 2590 557 2638 corpore,
567 2591 626 2626 cum
635 2578 804 2643 intelligeret,
812 2580 851 2630 bis
889 2579 968 2641 aliud,
980 2579 1063 2643 ipsum
1073 2578 1130 2627 illos
1141 2576 1225 2627 forum
1237 2575 1332 2624 turbat.
1360 2575 1422 2625 llos

317 2651 446 2718 decausis
457 2651 620 2714 Marcellum,
635 2652 793 2703 simultatem
805 2657 851 2705 ali·
890 2653 960 2718 quod
973 2653 1048 2716 vulgo
1060 2659 1190 2714 narratur,
1200 2665 1231 2700 an
1242 2665 1330 2699 verum
1340 2649 1382 2710 sit,
1391 2655 1422 2698 tu

318 2740 395 2791 quam
421 2733 514 2775 contra
535 2726 678 2791 Agrippum
699 2731 853 2793 suscepisse,
890 2727 980 2777 mellus
1007 2735 1083 2791 potes
1110 2726 1194 2776 scire:
1228 2725 1422 2776 declamatoriae

317 2797 446 2851 neriano
462 2803 488 2850 in
503 2803 561 2852 loco
571 2791 734 2866 mansissent,
744 2803 850 2856 offensae
890 2803 995 2853 virtutis
1017 2803 1156 2852 iatronem
1176 2801 1297 2850 Porcium
1316 2799 1422 2850 unicum

318 2877 442 2926 intereos
459 2891 491 2926 sc
509 2880 691 2928 contentiones
708 2880 851 2932 intercede·
890 2880 1036 2942 exemplum
1048 2893 1107 2927 curn
1125 2891 1172 2941 pro
1188 2891 1234 2925 reo
1251 2876 1276 2923 in
1295 2875 1423 2939 Hispania

318 2957 388 3014 rent,
403 2950 546 3016 Agrippam
566 2953 688 3002 continuo
707 2953 733 3003 iu
749 2956 850 3017 Syriam
890 2953 1001 3003 Rustico
1018 2953 1114 3002 Porcio
1134 2952 1281 3016 propinquo
1293 2967 1338 3000 suo
1350 2951 1422 3000 dice·

318 3027 475 3077 amandavit.
506 3026 623 3091 Agrippa
634 3028 700 3077 urbe
716 3028 850 3092 profectus
889 3035 1073 3093 retorqueo
1090 3042 1146 3076 esse
1160 3025 1302 3088 confusum,
1313 3033 1341 3075 ut
1352 3042 1368 3075 a
1380 3041 1421 3076 so·

317 3103 345 3151 in
364 3104 463 3166 Syriam
484 3117 535 3152 uon
558 3104 681 3168 perrexit,
702 3106 748 3154 sed
766 3106 849 3156 adbuc
889 3105 1002 3154 luecismo
1011 3103 1153 3167 inciperet:
1171 3115 1220 3151 uec
1231 3108 1292 3150 ante
1304 3101 1421 3164 potuisse

315 3177 409 3242 majori
428 3192 489 3226 usus
510 3178 694 3242 moderatione,
713 3195 744 3230 eo
766 3183 849 3233 missio
889 3178 1044 3243 confirmari,
1059 3184 1158 3229 tectum
1176 3193 1206 3227 sc
1227 3176 1340 3240 parieles
1355 3176 1422 3226 desi·

316 3251 411 3314 legatis
434 3252 496 3312 suia,
514 3251 569 3313 ipse
589 3253 668 3300 Lesbi
690 3255 849 3317 permansit?
888 3254 1118 3316 demtem,quaur
1130 3249 1287 3314 impetravit,
1304 3255 1333 3299 ut
1348 3251 1420 3314 judi·

317 3324 356 3376 At
364 3326 441 3375 Lesbi
452 3326 586 3389 praecipua
602 3325 694 3379 civitas
711 3331 850 3395 Mitylene,
888 3328 956 3377 cium
968 3337 1001 3377 e'x
1014 3326 1069 3377 foro
1087 3327 1112 3376 iu
1124 3325 1256 3376 basilicam
1269 3323 1421 3374 transferre·

317 3401 546 3466 bincblitplemse
555 3409 679 3454 ιιπιιιιιιι.
890 3409 940 3453 tur.
972 3403 1061 3467 Usque
1071 3415 1103 3451 eo
1111 3402 1224 3465 ingenia,
1233 3409 1263 3450 ut
1273 3401 1299 3448 in
1309 3402 1421 3450 scholas-

350 3475 520 3541 mitylenem]
536 3477 848 3535 Videuotasl.vr.e.18.
889 3481 947 3529 ticis
966 3475 1196 3530 exercitationibus
1214 3480 1325 3530 delicate
1340 3473 1420 3528 uut'ri·

317 3549 442 3601 ΝΜ·
889 3565 977 3617 untur,
998 3558 1144 3614 clamorem,
1165 3555 1303 3616 silentium,
1329 3553 1419 3617 ιίιιιιιι,

349 3630 362 3666 ⁹
396 3627 580 3694 Masistcestioe]
619 3631 688 3683 Quid
715 3633 848 3700 adbibere,
887 3633 979 3681 coelum
991 3631 1101 3697 denique
1111 3631 1166 3697 pati
1177 3629 1313 3680 nesciam!

315 3701 381 3766 quid
390 3700 485 3753 afferre
504 3705 577 3766 potui
595 3706 777 3759 mnnlflceutiae
794 3717 847 3761 tuse
923 3705 1024 3769 Umbro]
1058 3707 1111 3758 Per
1121 3707 1236 3770 miron,
1250 3705 1363 3756 sobolem
1375 3704 1419 3754 de·

316 3775 491 3839 impellendae,
499 3780 561 3843 quid
572 3781 713 3834 incitandae
724 3784 752 3833 iu
763 3799 804 3834 me
819 3787 848 3836 li.
887 3783 1054 3832 clamatorum
1070 3783 1203 3847 iutelligit.
1237 3779 1418 3832 Petromdrb.

317 3850 451 3902 beralitati
463 3855 532 3902 tuni
887 3859 895 3886 ⁴
908 3858 1028 3908 Nondum
1039 3859 1197 3908 umbraticus
1207 3858 1300 3910 doctor
1315 3856 1420 3921 ingenis

350 3933 362 3966 'l
389 3926 519 3990 Arnum]
552 3931 699 3998 Utrumque
726 3935 849 3998 importat
887 3933 1021 3984 deleverat
1031 3934 1047 3982 :'
1063 3935 1089 3983 id
1101 3941 1151 3996 esi,
1159 3931 1336 3986 scholasticus.

315 4000 436 4060 duone,
458 4011 485 4050 et
504 4005 633 4067 redhibere,
650 4006 743 4058 afferre
763 4020 791 4060 et
808 4027 847 4060 re·
920 4010 1019 4059 Seneca
1029 4010 1055 4058 in
1067 4009 1191 4074 prooemio
1203 4009 1326 4076 Contrm.
1345 4007 1363 4055 l.
1375 4017 1420 4058 ιιι.

315 4073 396 4139 ferre,
414 4084 443 4127 et
462 4087 601 4146 utrumque
612 4085 734 4146 praestitit
746 4087 847 4136 Neroni
886 4085 973 4135 ‘Istos
982 4079 1169 4135 declinaturos
1188 4085 1286 4147 produc
1299 4089 1419 4130 coenatu

315 4151 425 4204 Seneca.
886 4160 913 4208 iu
924 4159 1019 4222 sorum,
1036 4175 1095 4210 cum
1110 4161 1168 4209 ioco
1179 4159 1355 4219 mutabuntur,
1367 4155 1419 4204 usl-
1470 4191 1471 4194 ,

347 4228 706 4300 'miserrimarum
735 4239 779 4290 De
790 4239 848 4289 tali·
887 4231 1419 4300 utinassuetsclesse,etdelectauutbrs,
