3192 4909
274 345 361 414 1878
620 357 862 422 (tacunarum
885 353 1014 422 ruerat
1213 355 1377 422 [musra.

774 497 882 550 norm

266 631 393 670 stenar.
404 629 575 668 ammaus.
588 627 713 665 tuemur.
740 612 806 662 ideo
878 611 1003 664 omnnia
1015 609 1040 660 id
1051 615 1168 663 veterum
1179 609 1307 660 institutis
1317 625 1381 660 con-

275 693 445 758 sequentibus
452 690 612 755 principibus
618 690 722 739 honoris
729 703 807 738 causa
846 689 952 737 trarium
964 695 1043 750 esset,
1054 688 1156 752 quibas,
1170 688 1212 737 rel
1226 687 1327 737 marlico
1339 702 1381 736 se·

275 767 367 818 datum
390 766 436 830 jus
460 765 557 828 tertiae,
579 771 689 830 quarte,
709 765 806 828 quintas
847 763 933 813 uetari
945 777 1090 826 proponere
1110 763 1207 812 licebat
1225 763 1379 827 quiequide

276 842 424 910 relationis:
442 841 530 902 idest,
549 855 591 890 me
608 841 763 903 interprete,
777 845 808 888 ut
848 838 952 901 Repub.
962 851 1018 888 esre
1029 845 1157 902 censeret,
1165 847 1192 888 et
1203 837 1292 888 statim
1301 838 1328 886 iel
1337 853 1379 904 re-

276 918 381 983 quoties
393 918 511 967 consules
522 917 572 981 ipsi
583 932 635 966 non
644 923 741 976 errent,
752 923 807 966 tres
847 913 950 964 ferebat
964 915 1070 966 consul:
1087 915 1133 966 sed
1152 915 1199 966 snb
1219 914 1381 978 principibus

276 993 447 1052 nihilominus,
459 1001 577 1057 quatuor,
588 992 759 1056 autquinque
769 1007 808 1040 re-
848 991 911 1040 nilril
920 990 977 1040 fere
987 991 1064 1054 prisci
1071 992 1229 1052 moris,nibil
1239 992 1311 1041 licuit
1321 1005 1382 1040 con·

278 1070 388 1119 tationes
407 1067 494 1118 lacere
514 1074 637 1132 possent:
657 1082 708 1132 qua
727 1067 760 1117 de
779 1082 808 1117 re
849 1067 899 1116 suli
910 1074 956 1116 ant
967 1069 1077 1116 senatui.
1111 1067 1177 1116 'l'um
1189 1063 1271 1115 libido
1283 1065 1381 1130 princi-

277 1157 389 1209 cnnrque
399 1143 430 1192 iis
441 1144 524 1194 risam
536 1151 613 1192 esset.
850 1142 890 1206 pis
903 1157 950 1205 pro
966 1143 1066 1193 ratione
1077 1149 1105 1192 et
1115 1143 1173 1206 lege
1183 1140 1244 1204 fuit,
1260 1141 1309 1205 ipsi
1321 1155 1382 1191 con·

309 1221 431 1270 Solennia
439 1222 592 1270 relationum
602 1220 683 1271 rerba
693 1235 709 1270 e
718 1221 810 1271 Sueto·
851 1217 918 1266 sules
930 1218 1126 1281 corruptissimi,
1139 1224 1184 1266 aut
1201 1215 1312 1266 fortene
1325 1217 1383 1281 qni·

278 1297 316 1347 nii
325 1297 408 1360 calip.
421 1311 477 1360 cap.
488 1302 526 1346 lb.
537 1298 595 1346 brec
605 1296 698 1346 dtaiet:
711 1299 720 1324 ‘
732 1297 809 1348 Quod
851 1291 909 1342 dem
928 1294 1046 1342 contules
1063 1293 1111 1340 nisi
1129 1292 1207 1341 verbo
1226 1301 1310 1354 tenus,
1324 1292 1382 1355 jam

281 1373 376 1422 bonnm
387 1371 503 1436 felixque
524 1373 558 1421 sit
568 1373 600 1424 C.
612 1373 719 1436 Caesari,
730 1373 763 1422 ‹le
775 1374 810 1423 N.
852 1375 974 1433 corrupta
982 1368 1125 1434 Republica
1134 1376 1162 1436 et
1170 1367 1384 1418 exstinctaliber-

279 1447 373 1497 Patres
385 1447 538 1511 conscripti,
549 1447 611 1512 quiri
626 1447 683 1497 lieri
699 1447 810 1510 placeti’
852 1451 917 1496 tate.

279 1522 384 1586 lipsius.
884 1520 1006 1584 murm]
1032 1516 1384 1582 Atiitegnntaecetsmrt-

315 1597 437 1660 murs]
463 1597 505 1648 Sic
515 1598 640 1660 intellige,
658 1598 813 1648 abnamibm
852 1595 895 1644 bas
912 1595 1051 1656 muralibus,
1069 1597 1312 1644 recensetum.
1345 1595 1382 1644 Et

278 1673 410 1723 emmens
420 1688 448 1722 en
458 1676 487 1722 de
497 1689 524 1722 rc
532 1675 633 1722 relatam
642 1688 708 1735 esse,
720 1675 762 1722 rel
771 1674 813 1722 ab·
853 1671 922 1721 larte
934 1679 1021 1736 potest
1033 1671 1149 1736 suppleri
1163 1685 1251 1721 sensate
1264 1685 1296 1720 ex
1309 1678 1382 1720 ante-

280 1748 420 1797 nuentlbus
440 1749 586 1797 consulibus
606 1763 637 1798 ea
655 1749 688 1798 de
700 1764 728 1798 re
747 1750 813 1798 reia·
853 1747 910 1798 ced.
920 1748 994 1797 istis:
1008 1748 1063 1796 Nou
1073 1753 1152 1796 tamea
1161 1747 1383 1796 manualium

280 1828 352 1872 turn:
364 1823 560 1885 ubirelatamisl
572 1825 813 1881 estrelatiosresarut
850 1823 933 1888 perfici
950 1823 1040 1886 poluit,
1056 1821 1201 1885 repetendo
1217 1821 1246 1868 sb
1265 1835 1320 1882 aaa,
1335 1835 1381 1871 seu

279 1898 366 1948 irrisas
376 1899 538 1948 substantive
556 1901 665 1950 sumitur
677 1915 724 1965 pro
734 1900 813 1950 irrisi-
853 1911 894 1946 aer
902 1897 1054 1947 abnaeatibas
1064 1896 1202 1958 muralibus,
1212 1911 1240 1945 ea
1249 1897 1278 1944 ele
1288 1909 1314 1944 re
1321 1897 1382 1945 rela-

280 1989 332 2038 tae,
347 1974 384 2024 sic
394 1977 483 2024 relatas
498 1989 544 2039 pro
554 1976 675 2026 relatione.
853 1977 919 2023 tans.-
931 1979 959 2024 et
969 1973 1006 2024 sic
1018 1972 1225 2038 intelligendum,
1235 1987 1286 2022 non
1296 1973 1383 2038 legen·

313 2051 403 2102 Habes
415 2051 524 2102 similem
543 2053 620 2116 plane
636 2053 721 2102 locum
738 2052 757 2101 l.
768 2066 814 2103 ιιι.
854 2049 923 2099 dum.

282 2129 323 2176 ³³.
345 2125 390 2176 ubi
410 2126 519 2176 Severus
541 2127 647 2177 (lecina
663 2134 763 2189 censet,
779 2143 813 2178 ne
887 2122 1035 2174 Difficultas
1059 2140 1107 2174 ex,
1121 2139 1161 2188 eo,
1186 2125 1255 2190 quari
1276 2124 1383 2174 Tacitus

281 2217 349 2250 naor
360 2202 538 2267 magistratum
557 2202 583 2250 in
601 2201 760 2266 provinciam
769 2217 812 2252 eo·
853 2200 957 2251 omittat
984 2202 1185 2265 conjunctiones.
1226 2203 1264 2252 Ut
1286 2200 1382 2250 habeas

281 2279 398 2329 mitetur.
433 2280 609 2328 ‘Paucorum
631 2279 688 2329 haec
709 2294 813 2330 assensu
852 2275 1108 2341 planumverumque
1123 2277 1280 2337 sensum,ric
1299 2277 1382 2325 iuver·

283 2353 390 2402 audita:
416 2354 504 2416 plures
518 2353 711 2414 abturbabaut,
727 2369 813 2420 neque
853 2357 895 2400 te:
909 2366 993 2413 magno
1004 2365 1098 2400 assem
1109 2349 1283 2412 rekbratasar't
1293 2356 1385 2402 scatea-

282 2428 393 2476 relatum
413 2429 446 2477 de
462 2429 576 2492 negotia,
586 2442 670 2493 neque
682 2431 813 2480 Caecinam
852 2428 889 2476 tia
902 2428 1018 2489 Thrasea,
1026 2443 1070 2476 aua
1081 2433 1196 2478 toramen
1207 2429 1236 2478 de
1247 2443 1273 2477 rr
1283 2429 1385 2478 relatura

282 2503 387 2567 diguam
399 2510 481 2553 tautae
499 2506 535 2554 rei
547 2507 697 2555 censorem!
729 2508 824 2571 Nepae·
853 2509 898 2568 eat,
907 2505 1059 2555 abamtibas
1067 2507 1306 2568 mmalibasstaeoque
1316 2505 1395 2556 aena?

282 2579 398 2628 relatura:
414 2579 508 2639 id-est,
524 2581 728 2644 nequerelaturn
747 2597 815 2646 esse,
853 2583 1022 2630 laaeonsallnm
1045 2581 1127 2646 perfici
1148 2597 1194 2630 aaa
1214 2583 1301 2646 potuit.
1334 2583 1384 2632 Vel

282 2666 328 2701 seu
340 2651 440 2702 referre
452 2668 480 2704 se
491 2655 575 2716 nnlle;
587 2655 656 2720 quod
667 2656 736 2706 idem
747 2658 773 2707 in
785 2674 813 2708 re
853 2659 963 2719 relatura,
982 2658 1008 2706 id
1028 2667 1078 2719 eat,
1096 2659 1262 2717 relationem
1280 2671 1383 2722 nempe,

283 2735 338 2777 est:
355 2729 519 2793 obturbabant,
537 2730 564 2779 id
584 2739 633 2795 est,
653 2747 682 2782 ae
699 2748 814 2798 oppone·
853 2735 1008 2785 abnuentibus
1017 2735 1148 2786 muralibus
1165 2751 1193 2784 ea
1203 2737 1232 2785 dc
1250 2751 1276 2784 re
1287 2736 1384 2786 relatio·

284 2803 357 2868 bant,
369 2805 576 2857 intercedebant.
670 2872 673 2876 ι
854 2812 1124 2876 aam,supple‚fara're.

316 2880 390 2930 'l'alia
404 2883 493 2944 paucis
509 2885 647 2949 exequitur
657 2885 774 2947 Tacitus,
784 2894 815 2937 ut
888 2889 974 2951 igitur
983 2887 1030 2937 srrb
1042 2887 1202 2952 principibus
1210 2887 1305 2938 licebat
1313 2903 1386 2938 rena-

274 2956 312 3027 ¹iu
322 2970 351 3006 re
362 2957 509 3020 notissima;
527 2966 555 3011 et
570 2968 643 3011 certe
655 2961 724 3012 idem
735 2971 777 3012 est
788 2964 814 3011 in
856 2967 906 3015 tari
919 2967 976 3012 loco
991 2965 1127 3014 sententiae
1135 2979 1253 3028 promere
1261 2963 1385 3030 quicquid

284 3049 323 3097 re,
333 3035 625 3089 remuneraturum
640 3056 668 3090 ea
678 3041 708 3090 de
718 3056 744 3090 re
754 3043 815 3090 rela-
856 3055 871 3089 e
894 3040 996 3103 Repub.
1017 3053 1073 3088 esse
1094 3049 1231 3100 censeretr
1258 3039 1317 3090 dein
1337 3041 1384 3104 jur

272 3116 346 3179 amar,
357 3127 388 3162 ac
400 3114 422 3162 si
434 3115 545 3176 diceret,
563 3115 735 3166 abnuentibus
754 3131 814 3167 con·
856 3123 913 3166 erat
934 3115 1079 3166 corunlibus
1098 3116 1250 3166 relationem
1261 3117 1296 3166 tle
1310 3130 1342 3165 ea
1355 3130 1385 3166 re

284 3187 380 3238 sulilurs
403 3191 553 3240 relationem
572 3191 659 3242 facere
677 3193 719 3243 sle.
731 3208 762 3242 ea
776 3209 815 3251 re,
856 3192 942 3242 facere
954 3195 995 3242 vel
1008 3193 1152 3253 remittere,
1163 3209 1208 3242 seu
1225 3195 1333 3256 rejicere
1345 3195 1386 3243 vel

285 3277 331 3314 seu
342 3267 489 3316 nolentibus
502 3282 558 3315 eam
571 3282 625 3316 rem
639 3267 735 3317 referre
745 3269 814 3332 apud
855 3268 970 3329 differre,
980 3270 1005 3317 irl
1018 3276 1122 3330 est,non
1132 3269 1239 3330 referre,
1248 3270 1386 3332 prulibito.

276 3333 382 3406 'patrea
855 3346 924 3394 Dein
937 3359 995 3394 cum
1014 3345 1165 3396 retulissent
1184 3347 1385 3407 canonicatum

317 3417 368 3466 Vel
380 3418 454 3482 quasi
465 3419 584 3469 dicerent
595 3422 723 3483 consules,
732 3420 811 3470 Nolu-
855 3420 942 3484 potuit
953 3419 1009 3470 lieri
1020 3421 1276 3484 senatusconsultum,
1285 3422 1325 3470 rel
1336 3435 1387 3471 nou

285 3506 343 3540 naus
358 3495 608 3542 senatusconsultum
628 3495 727 3557 perlici,
747 3496 816 3560 quod
856 3495 956 3560 perfici.

274 3561 341 3614 'sine
351 3567 396 3614 tali
404 3569 527 3616 relatione
534 3576 605 3619 certe
615 3571 705 3635 pertici
714 3586 765 3622 non
774 3588 817 3636 po·
888 3569 1013 3622 Attamen
1022 3572 1044 3620 si
1055 3578 1110 3620 tnru
1122 3587 1172 3622 uon
1186 3571 1260 3622 lieret
1273 3579 1388 3624 senatus·

284 3639 346 3689 tuit.
379 3641 458 3688 Forte
473 3656 531 3690 eum
549 3645 613 3694 tales
631 3647 817 3708 propositiones
857 3648 1013 3708 consultum,
1034 3647 1076 3696 rel
1097 3644 1203 3696 delectu
1223 3647 1324 3697 numeri
1342 3663 1387 3712 pa·

285 3722 434 3765 senatorum
447 3726 582 3778 respueret
598 3722 697 3782 consul,
707 3723 751 3787 qui
761 3730 816 3772 tum
858 3731 933 3781 trum,
945 3723 986 3771 rel
998 3723 1047 3772 alio
1058 3722 1132 3786 sitia,
1145 3724 1186 3773 rel
1198 3723 1258 3788 quia
1275 3723 1324 3788 ipsi
1340 3738 1387 3788 pa·

277 3789 400 3860 ‘habebat
408 3803 527 3854 setarum
537 3807 584 3843 suo
595 3811 692 3860 meuse,
702 3812 817 3861 oppone·
857 3805 911 3848 tres
920 3805 965 3848 ant
973 3799 1091 3849 consules
1101 3800 1208 3862 nollent,
1222 3806 1268 3848 aut
1279 3815 1327 3849 non
1342 3815 1387 3851 an·

286 3863 334 3914 bat
346 3878 394 3927 pro
413 3866 484 3914 librtn
495 3883 551 3930 suo,
562 3883 611 3918 non
624 3873 726 3922 esseda
738 3888 769 3924 ea
787 3889 816 3924 re
857 3875 959 3938 darent,
970 3875 1037 3924 lraarl
1049 3877 1167 3924 consulta
1185 3875 1315 3938 principe,
1325 3875 1388 3925 seri·
1427 3868 1434 3879 '

286 3942 406 4005 relatum,
426 3952 471 3990 aut
490 3952 563 3993 certe
581 3960 609 3994 se
628 3946 727 3998 referre
747 3950 816 3998 nolle
857 3951 967 4001 bebatur
979 3959 1065 4001 tamen
1076 3965 1215 4002 oonaeusus
1225 3958 1335 4014 patrum,
1342 3951 1387 4016 qni

285 4032 343 4070 rear
354 4017 447 4067 istam:
467 4019 550 4082 quasi,
561 4019 588 4069 id
603 4036 654 4071 nou
671 4037 754 4074 essee
767 4026 818 4075 lie·
855 4027 908 4076 rim
919 4028 1082 4078 auctoritatis
1100 4027 1199 4088 habuit,
1209 4042 1261 4078 nou
1273 4034 1388 4078 senatus·

278 4093 401 4176 ¹publica,
421 4100 549 4161 censeret,
567 4102 596 4145 et
616 4099 687 4149 ultro
706 4097 754 4150 lroo
775 4115 816 4150 re·
854 4103 982 4166 ¹tronsulti:
994 4111 1039 4152 aut
1048 4118 1107 4154 enm
1119 4117 1273 4153 consensum
1283 4108 1387 4160 renatus

286 4178 403 4238 ⁸9⁰0¹0b
669 4228 680 4238 ,,
854 4179 995 4230 mittebant
1009 4179 1129 4244 principi,
1144 4187 1183 4243 ut,
1192 4179 1215 4228 si
1227 4178 1315 4246 vellet,
1327 4176 1387 4228 talis
