3192 4909
524 423 571 472 nu
592 422 791 474 sueorssro
812 423 956 478 osnes.
1197 407 1288 477 212⁰

178 563 408 651 quidmst,
429 565 584 633 incertus.
629 565 684 632 An
708 565 821 632 induci
843 587 880 632 se
902 585 925 630 a
944 563 1029 632 duce
1050 566 1153 636 Gallo
1173 571 1288 636 statim

177 668 380 750 patereturl
418 664 510 745 Quid
524 669 553 732 si
568 668 631 732 boc
644 669 817 734 involucro
828 667 921 732 fraus
933 672 1116 750 tegereturl
1151 669 1206 734 An
1218 690 1289 737 rem

179 767 356 851 proderet,
379 786 421 833 ac
437 765 564 830 Neroni
575 770 718 832 mitteret
731 769 871 832 literasl
886 770 936 832 sic
949 770 1154 850 suspiciones
1168 777 1290 836 sereret

178 887 358 952 nunqnam
372 868 593 946 extricandas,
617 871 771 934 continuo
795 869 947 932 arcessiti
961 870 1025 933 sibi
1048 870 1091 933 ab
1104 869 1181 933 aliis
1201 873 1290 954 peri·

182 969 260 1033 culi
273 975 362 1034 metu
376 968 612 1052 trepidaturos.
657 968 754 1032 Forte
767 988 830 1034 nec
843 965 942 1033 dolus
957 970 1103 1046 suberat,
1128 971 1291 1054 quicquid

183 1070 346 1161 opimone
359 1070 426 1134 sibi
438 1068 635 1152 contingeret
653 1069 810 1136 fallaciae.
854 1068 910 1134 Ex
924 1069 997 1133 istis
1016 1069 1190 1150 ambiguis,
1205 1091 1290 1156 quo·

184 1187 267 1232 rum
279 1175 426 1234 extrema
439 1189 515 1236 eum
529 1170 713 1234 certissimo
727 1170 929 1254 objiciebant
939 1168 1135 1248 discrimini,
1145 1171 1291 1238 medium

186 1268 313 1350 eligere
322 1269 466 1354 placuit
478 1269 789 1354 suppressisliteris,
800 1270 844 1334 ad
852 1270 1007 1336 nlterrora
1015 1271 1164 1354 progredi
1172 1271 1291 1352 noluit,
1318 1355 1322 1361 Ι

186 1375 441 1454 expectaturus,
467 1370 547 1434 dom
567 1370 628 1434 bas
643 1369 789 1435 eluctata
804 1372 974 1453 angustias
987 1371 1220 1456 tortunaipsa,
1240 1391 1291 1436 re·

186 1469 258 1534 bus
273 1474 307 1534 et
320 1470 517 1536 consiliis
484 1491 576 1536 uram
589 1472 763 1554 lucemque
778 1471 929 1554 aperiret
973 1469 1044 1536 Alii
1057 1491 1136 1537 suas
1151 1475 1195 1538 ad
1220 1469 1292 1538 Ne-

188 1589 308 1638 ronem
330 1569 442 1635 literas
458 1571 577 1636 misere
600 1570 713 1652 legati,
733 1571 864 1654 prodito
877 1569 1033 1650 Vindice,
1057 1577 1092 1636 et
1104 1574 1294 1640 rebellionis

182 1671 335 1754 dinatio,
361 1672 416 1736 cui
430 1672 531 1756 paulo
545 1677 622 1754 post
636 1691 672 1736 re
688 1671 755 1754 ipsi
770 1673 1023 1737 obstrinxerunt.
1066 1672 1205 1738 Vindex
1216 1693 1294 1758 ergo

190 1771 317 1858 paucis
341 1778 419 1856 post
443 1771 614 1838 Kalendas
632 1771 774 1838 Martias
799 1772 930 1852 diebus,
957 1773 1105 1838 nondum
1127 1776 1162 1838 in
1186 1775 1294 1842 solido

190 1873 306 1948 locata
320 1891 394 1958 spe,
416 1891 519 1960 quam
533 1872 576 1937 de
589 1871 702 1937 Galba
716 1878 751 1937 et
762 1872 852 1938 felici
873 1893 982 1940 rerum
1000 1893 1159 1940 successu
1177 1895 1295 1941 conee-

192 1979 303 2058 perat,
339 1972 505 2040 advocata
529 1974 688 2039 concione
716 1991 843 2051 eornm,
865 1993 950 2060 quos
977 1973 1011 2036 in
1036 1975 1211 2057 provincia
1232 1995 1296 2042 sua

194 2073 356 2156 dignitate
370 2079 404 2140 et
416 2076 538 2158 opibus
552 2075 755 2158 conspicuos
772 2075 899 2154 babuit,
925 2075 1095 2158 tyrannice
1115 2095 1138 2139 a
1162 2075 1296 2142 Nerone

193 2181 293 2260 gesta
314 2175 425 2240 omnia
446 2175 548 2240 veluti
570 2195 629 2259 per
651 2175 783 2240 undas
806 2193 1000 2256 recensens;
1034 2177 1202 2259 quomodo
1221 2177 1297 2244 soil.

194 2274 436 2342 immanissime
459 2276 640 2360 cupiissent
663 2275 823 2356 Galliam,
846 2293 987 2362 quaeque
1001 2276 1071 2341 alia
1088 2277 1122 2340 in
1135 2277 1296 2360 plurimo·

196 2395 273 2462 mm
295 2377 487 2460 perniciem,
511 2380 546 2440 et
558 2377 802 2444 florentissimae
816 2378 961 2461 regionis
974 2380 1103 2444 ruinam
1117 2384 1297 2467 stmrerat,

197 2476 375 2558 suadebat,
403 2477 556 2544 ‘Sumtis
582 2481 694 2560 minis,
717 2499 767 2560 se,
790 2477 974 2558 Romanos,
997 2485 1031 2545 et
1055 2479 1297 2546 conflictantem

198 2599 278 2647 cum
290 2579 357 2645 ista
368 2583 462 2662 peste
474 2581 588 2646 orbem
602 2585 793 2648 assererent.
814 2579 859 2646 Et
872 2580 903 2646 si
915 2578 1021 2660 forte,’
1035 2581 1155 2664 inquit,
1171 2579 1299 2666 ‘(qued

198 2677 403 2763 abominor)
422 2679 537 2746 irruitis
548 2679 624 2746 haec
639 2681 716 2746 Diis
729 2682 895 2759 molimur,
916 2679 1051 2758 eamus,'
1072 2681 1191 2763 inquit,
1215 2685 1299 2746 ‘au-

201 2782 318 2858 daces,
341 2783 485 2864 atquem
499 2785 656 2846 vexatum
670 2780 817 2866 undique
831 2781 985 2866 spiritum
998 2779 1167 2856 trahimus,
1181 2778 1298 2844 armati

199 2885 444 2968 pugnantesque
456 2879 692 2964 profundamus
708 2883 828 2965 patriae
841 2879 1017 2945 vindicem.
1060 2877 1136 2943 Neo
1149 2897 1299 2962 quaeren-

201 2984 267 3058 dus
290 2982 408 3066 procul
431 2981 606 3066 Princeps,
627 2979 695 3068 (sio
719 2982 808 3061 dico,
831 2983 912 3068 quia
925 2983 1038 3062 omnia
1056 2981 1130 3066 jam
1142 2981 1177 3044 in
1198 2979 1300 3063 pejus

200 3083 373 3160 inclinata,
396 3087 429 3147 et
449 3083 564 3165 ignota
577 3083 702 3147 saectrlo
724 3090 839 3148 nostro
852 3081 969 3160 virtus,
992 3099 1124 3166 sperare
1147 3097 1216 3143 non
1237 3098 1299 3162 pa·

203 3183 327 3250 tiuntur
354 3182 457 3266 Beip.
481 3178 692 3264 libertatem)
712 3201 812 3266 quem
839 3180 977 3246 familias
1002 3180 1135 3257 decora,
1163 3180 1302 3262 insignis

202 3285 364 3370 potentia,
385 3287 419 3350 et
441 3288 595 3366 spectata
616 3281 741 3366 ubique
754 3281 872 3359 virtus,
897 3287 990 3346 tanto
1010 3279 1143 3362 fastigio
1164 3278 1302 3362 dignum

204 3385 396 3455 extulerrmt
440 3382 553 3450 Galba
577 3387 639 3459 est,
669 3382 852 3466 Hispanias
874 3379 1132 3447 Tarraconensis
1155 3381 1302 3462 legatns3

205 3485 347 3568 quamsi
362 3483 546 3562 admittitis,
570 3483 653 3548 nibil
673 3486 784 3560 restat,
806 3481 873 3546 nisi
893 3486 931 3544 ut
952 3481 1135 3546 habeantur
1155 3499 1214 3562 par
1226 3499 1303 3564 pro·

204 3585 349 3651 muciam
364 3583 532 3664 delectum
555 3585 626 3649 sine
645 3583 780 3667 quibus,
805 3599 866 3646 nec
892 3585 984 3646 tanta
995 3580 1124 3646 molitio
1139 3581 1302 3659 subsisb’t,

206 3691 240 3751 et
251 3681 348 3750 vobis
361 3701 493 3768 quoque
517 3681 686 3748 excidium
701 3677 873 3746 imminet.'
915 3679 1038 3746 Secuto
1051 3699 1201 3760 assensu,
1227 3702 1303 3764 pro-

205 3786 296 3852 tinus
310 3784 454 3850 animum
468 3781 584 3868 adjicit
598 3781 845 3848 conscribendis
869 3785 902 3845 et
917 3782 980 3846 sub
1002 3783 1097 3866 signa
1117 3781 1303 3863 redigendis

205 3885 405 3963 bominibus,
420 3902 539 3968 magna
553 3883 698 3968 quidem,
714 3881 774 3948 sed
788 3881 910 3966 raptim
920 3882 1071 3960 collecta,
1096 3889 1130 3946 et
1144 3883 1222 3946 belli
1235 3881 1303 3946 fere

206 3985 424 4070 militarisque
449 3984 639 4070 disciplina
659 3985 834 4100 inexperta
856 3982 1072 4049 multitudiue
1117 3982 1304 4065 Propositis

208 4087 325 4176 edictis
337 4089 476 4156 infamat
490 4085 656 4156 Neronis·
646 4085 833 4172 imperium,
857 4085 948 4170 quod
961 4083 1118 4167 publice'
1109 4101 1145 4145 ιιι
1159 4080 1304 4148 Galbam

207 4159 439 4269 transterebat3
469 4186 604 4271 scriptis
628 4188 672 4253 ad
695 4205 771 4254 eum
795 4187 947 4268 literis,‘
961 4189 1001 4250 ut
1023 4185 1168 4250 humano
1193 4184 1305 4267 generi

270 4285 362 4352 W
374 4291 401 4338 et
413 4285 472 4339 Ver.
484 4287 553 4338 ctas.
715 4285 796 4339 Tacit.
