3192 4909
256 332 344 402 1710
609 347 642 393 o.
665 343 850 394 oonnsnu
874 344 1003 394 nactur
1194 349 1367 415 [numme

256 497 334 568 rat,²
353 509 419 554 non
433 489 503 554 sine
517 488 698 554 cermmine
719 495 944 572 expugnatum
958 493 1025 552 est:
1048 505 1124 552 nam
1137 493 1182 552 et³
1204 489 1360 571 praelium

256 611 319 676 pro
339 592 443 654 muris
469 593 542 655 ausi
569 603 672 666 erant,
702 598 736 654 et
762 592 851 673 pulsi
880 591 965 654 intra
990 589 1191 654 munimenta
1217 590 1361 672 aggeris*

257 692 401 768 demum,
437 698 491 756 ot5
520 692 769 773 irrumpentium
798 691 899 756 armis
929 705 1081 767 cessere;
1119 706 1196 771 quae
1227 687 1373 754 turilias·

257 793 504 876 proveniebant,
535 793 615 874 quia
638 790 772 855 Parthi¹
799 789 979 874 Hyrcano*
1001 790 1089 886 bello
1112 789 1359 857 distinebantur.

259 893 484 977 Miserantque
504 893 654 977 Hyrcani
670 892 713 956 ad
738 891 928 975 Principem
944 891 1144 968 Romanum,
1165 893 1360 958 societatem

258 1000 397 1072 oratum,
422 994 580 1060 ‘attineri
606 1014 630 1058 a
651 1009 688 1058 se
714 991 905 1076 Vologesen
929 1012 989 1075 pro
1020 993 1155 1075 pignore
1178 990 1360 1069 amicitiae,'

258 1100 469 1160 ostentantes.
493 1095 563 1158 Eos
577 1096 795 1178 regredientes
811 1093 968 1171 Corbulo,
982 1113 1024 1157 ne
1038 1092 1240 1177 Euphratenu
1254 1099 1361 1158 trans·

258 1199 363 1278 gressi
387 1198 530 1260 hostium
555 1197 718 1262 custodiis
742 1197 1064 1272 circumvenirentur,
1087 1194 1165 1259 dato
1190 1195 1361 1277 praesidio,

204 1281 210 1289 ’
259 1294 303 1359 ad
325 1297 439 1360 littma
456 1298 555 1361 maris
575 1297 678 1362 rubri⁶
702 1298 841 1362 deduxit
852 1305 875 1362 ι’
900 1284 997 1375 unde,
1025 1296 1138 1361 vitatis
1163 1294 1359 1361 Parthorum

258 1397 393 1476 finibus,
408 1399 537 1481 patrias
552 1399 701 1482 insedes
714 1419 909 1465 remeavere.

259 1573 353 1633 κρίνω
360 1574 407 1618 est:
422 1585 477 1619 aaa
489 1576 513 1620 et
522 1587 627 1634 pugnam
637 1577 788 1622 teatoaeroat
798 1587 841 1634 pro
852 1571 971 1629 monitat,
982 1575 1005 1619 et
1015 1569 1070 1630 fari
1076 1569 1204 1634 fugatique
1213 1571 1277 1619 iutra
1287 1569 1363 1619 ciaas-

260 1640 300 1694 tro
321 1634 387 1693 aetii,
402 1637 497 1683 tandem
517 1637 571 1685 tetis
589 1637 733 1684 irruentium
751 1650 846 1685 cosroe.
881 1635 940 1690 Qaoe
958 1649 999 1682 res
1011 1635 1114 1692 faritius
1133 1635 1292 1696 corrodebant,
1308 1635 1364 1697 quio

259 1698 349 1748 Porti
358 1697 488 1757 desertione
504 1699 671 1763 Hyrcanorum
686 1699 897 1761 distringebatur.
931 1699 965 1747 Et
979 1699 1070 1759 legatos
1084 1699 1197 1748 rubeant
1213 1697 1322 1762 Hyrcani
1331 1697 1365 1746 od

259 1761 424 1824 imperatorem
440 1762 521 1824 Rom,
536 1765 600 1812 socia
616 1778 684 1812 arma
700 1766 853 1826 minster,
870 1763 1040 1825 jaetabarrtqee
1057 1762 1175 1812 distineri
1193 1779 1209 1811 a
1228 1777 1256 1812 se
1275 1775 1364 1823 regem

260 1825 427 1881 Parthorum,
443 1828 466 1873 et
477 1827 504 1874 id
515 1826 695 1875 documentum
703 1843 752 1877 eser
768 1826 831 1876 fidei
842 1842 872 1876 ac
884 1826 1017 1874 societatis
1028 1826 1170 1874 cauebant.
1205 1823 1304 1874 cotun
1321 1825 1364 1874 ad-

254 1887 341 1948 itiaeta
355 1889 469 1949 modia,
485 1891 570 1939 dodum
579 1904 624 1938 eos
632 1889 706 1950 aaa
717 1893 750 1940 od
759 1891 838 1954 ripam
848 1891 923 1939 suasis
932 1889 1008 1949 ratri,
1023 1905 1052 1938 rra
1061 1905 1113 1938 oum
1128 1889 1272 1952 Euphratem
1287 1893 1365 1936 maas-

259 1952 387 2012 asamar,
411 1953 461 2016 ipsi
478 1955 598 2016 presidiis
616 1954 719 2002 bostiam
743 1956 949 2018 interciperentur.
995 1954 1070 2017 Hiar,
1093 1953 1215 2003 declinatis
1234 1952 1365 2017 proviaciis

260 2015 415 2080 Panum,
432 2018 457 2066 ia
465 2018 572 2080 patriam
581 2032 649 2067 suasa
656 2019 770 2067 redivere.

259 2208 347 2272 iuerat.
380 2209 489 2260 lobias.
509 2210 577 2274 Reg.
598 2209 672 2259 Harl.
690 2210 767 2259 Bodt.
787 2209 844 2261 Jes.
863 2208 953 2260 (ineis.
973 2209 1052 2259 Corb.
1073 2215 1100 2258 et
1111 2208 1225 2258 editione
1236 2205 1363 2270 principe,

258 2271 397 2334 proddiam
407 2275 513 2334 Quat:
529 2289 581 2337 qua
591 2273 617 2320 in
629 2287 703 2333 voce,
721 2280 844 2337 corrupta
855 2273 969 2338 quidem,
988 2275 1061 2332 tutet,
1078 2279 1108 2320 ut
1119 2273 1231 2332 videtur,
1251 2271 1364 2332 praesidii

261 2349 364 2384 nomen.
389 2337 549 2384 Bruma—2
567 2337 676 2385 Frustra
692 2337 812 2385 Muretus
830 2335 1057 2398 emendatosque
1071 2335 1145 2396 saroa
1155 2336 1268 2396 juventas
1284 2337 1364 2384 etam

260 2402 322 2448 erat.
350 2397 483 2447 idem-⁸
499 2399 551 2446 nis.
570 2400 626 2449 Jes.
643 2400 729 2448 omisit
747 2403 828 2448 et.-t
845 2399 898 2447 Pro
918 2401 1014 2459 aggeris
1032 2398 1130 2446 frustra
1147 2406 1232 2447 tentat
1248 2397 1363 2462 Ryckins

259 2461 397 2522 aggeum.
419 2461 581 2508 Erotion-tt
598 2461 641 2507 lta
653 2463 718 2507 Mas.
730 2461 799 2508 Ftor.
814 2462 877 2522 Reg.
891 2461 967 2508 Harl.
978 2461 1053 2510 Bodl.
1066 2461 1123 2512 Jes.
1134 2459 1224 2511 Guetf.
1235 2466 1263 2509 et
1273 2460 1364 2512 editio·

260 2539 307 2575 nea
326 2523 437 2574 veteres.
470 2523 503 2571 ln
523 2522 578 2571 attis
598 2522 691 2571 omissa
725 2522 836 2571 articula
855 2528 888 2580 et,
906 2537 981 2586 quam
1002 2527 1160 2574 recentiores
1180 2525 1364 2574 restituere.-

260 2593 278 2637 o
294 2587 338 2638 Ita
348 2587 407 2638 iibri
417 2586 509 2650 scripti
517 2594 545 2635 et
556 2586 629 2636 editi.
661 2586 699 2636 At
750 2601 766 2636 c
779 2599 813 2634 ae
823 2585 952 2648 inteiligas
960 2587 995 2636 de
1006 2588 1063 2638 rino
1077 2587 1199 2649 Arabico,
1208 2589 1275 2653 quod
1287 2589 1363 2652 vulgo

260 2817 334 2878 puto,
345 2811 413 2877 quod
432 2812 502 2862 intra
512 2812 621 2863 eandem
632 2813 731 2875 urbem,
749 2813 791 2863 'ii-
831 2809 934 2862 nissimi.

258 2892 401 2951 Μυσία
414 2901 516 2952 nempe.
548 2889 634 2938 Vocat
652 2897 739 2937 autem
754 2902 792 2936 ra·
864 2887 943 2938 Certa
959 2887 1095 2950 prmidiurrr
1111 2900 1157 2936 seu
1172 2887 1315 2938 castellnm.
1326 2901 1363 2938 res

259 2966 403 3034 piamque
414 2965 516 3016 nomine
531 2964 657 3027 regisara
673 2963 718 3012 itia
734 2978 792 3013 cns·
830 2963 898 3026 girat
920 2961 979 3012 fuit.
1012 2961 1053 3011 Aa
1073 2967 1214 3025 occuparet
1232 2961 1307 3012 miles
1324 2975 1364 3011 re·

260 3042 417 3100 todiebatnr‚
443 3040 570 3089 Tiridatis
593 3041 723 3100 nimirum,
748 3040 792 3104 qui
833 3039 899 3102 gius,
911 3039 1036 3086 incertum
1055 3051 1088 3087 ex
1105 3037 1214 3088 Tacito:
1232 3037 1366 3102 qnodcer·

263 3115 413 3184 ppaesectnm
427 3116 452 3164 ei
463 3116 517 3164 arei
527 3115 693 3179 imposuerat,
701 3123 731 3166 et
747 3116 792 3164 mi·
833 3120 887 3163 tum
908 3120 958 3175 est,
984 3127 1041 3162 eam
1064 3127 1150 3162 arcem
1172 3113 1269 3162 insedit
1288 3111 1365 3170 seros

261 3193 336 3242 litum
347 3192 628 3253 stationedrmarerat,
646 3207 680 3240 ns
699 3207 792 3256 nempe
824 3189 945 3250 inmotum
965 3189 1060 3238 siveex
1077 3189 1249 3252 oppidaniset
1261 3187 1365 3248 ascetis,

263 3267 399 3330 populares
415 3265 455 3314 sui
473 3264 573 3313 arbitrii
588 3273 695 3324 essent3
714 3273 741 3314 at
757 3279 792 3314 ne
832 3267 886 3315 aive
897 3281 929 3315 ex
941 3265 1021 3328 copiis
1034 3265 1120 3328 regiis,
1137 3265 1193 3314 sire
1204 3277 1237 3314 ex
1248 3263 1365 3327 utrisque

262 3343 350 3390 trustes
362 3355 411 3404 pro
422 3339 496 3388 libito
507 3340 657 3403 reciperent
666 3340 737 3390 iutra
747 3356 792 3404 op·
833 3343 905 3392 simui
916 3343 1017 3392 deiecta
1029 3339 1108 3392 foret.

262 3417 362 3481 pidum.
865 3419 1010 3468 ,Proaidm
1030 3417 1135 3480 regium]
1168 3418 1230 3467 Fuit
1247 3426 1296 3466 arx
1311 3412 1363 3466 dis·

275 3491 440 3554 ,Pmaidr'roa
449 3491 553 3554 regiam]
576 3491 696 3555 intellige
705 3507 792 3542 arcem
833 3495 914 3545 tincta
931 3496 1047 3556 chorbe,
1063 3496 1088 3542 in
1100 3494 1305 3558 quapraesidium
1316 3505 1363 3541 rex

263 3583 310 3618 sea
327 3570 464 3617 eastettom
482 3566 515 3616 ad
535 3569 633 3631 urbem,
654 3583 705 3633 quo
725 3567 792 3619 forte
832 3571 1151 3634 'liridatesdisposaeran
1169 3570 1364 3634 ideoquevoea·
1432 3577 1433 3580 ’

263 3658 311 3706 rea
325 3642 458 3692 'tiridates
475 3643 623 3705 presidium
638 3645 791 3696 collocarat:
832 3646 1131 3710 turpraaidisrmregr'ara.
1167 3645 1204 3695 Eo
1220 3658 1363 3708 reret-,epe-

265 3719 309 3772 aiii
331 3720 490 3781 intelligunt,
519 3726 598 3768 cadro
618 3721 703 3789 regia,-
745 3721 792 3772 sed
833 3728 873 3773 rat
892 3721 1019 3786 juventus
1036 3719 1224 3784 oppidanorum
1243 3718 1363 3784 ferocior,

264 3809 312 3862 cur
338 3802 423 3844 eastra
453 3797 536 3856 regia,
563 3796 607 3844 ubi
629 3810 680 3846 non
700 3796 792 3847 aderat
831 3801 909 3859 capta
920 3796 991 3845 arbe.

265 3884 322 3932 rea,
336 3884 421 3934 neque
442 3871 573 3921 exereitus
595 3873 698 3934 regina?
716 3874 793 3935 Puto,
864 3871 988 3934 ‘Porttr'J
1006 3871 1064 3920 Lib.
1076 3883 1114 3921 ιι.
1126 3875 1150 3920 8.
1170 3871 1290 3921 Tiiierrrorr.

265 3944 386 4010 praestato
411 3957 484 3995 erant
505 3947 564 3995 arbi
588 3947 681 3997 mitites
706 3949 791 4010 regis3
865 3947 1015 4012 ⁸flprouu]
1033 3947 1090 3997 Lib.
1103 3961 1141 3997 vr.
1153 3951 1192 3998 to.
1209 3947 1281 3999 idest.

263 4019 310 4080 sed
321 4035 381 4070 curn
391 4020 484 4069 civitas
494 4029 640 4085 expugnata
655 4030 734 4083 esset,
748 4032 794 4073 aut
866 4031 878 4058 ¹
895 4025 1043 4088 Errptraten]
1060 4025 1117 4074 Lib.
1129 4038 1167 4075 vr.
1180 4029 1219 4075 31.
1239 4024 1313 4074 ldear.

265 4094 378 4154 reddita,
395 4111 423 4145 se
441 4097 468 4145 in
488 4110 573 4147 arcem
584 4113 709 4162 recepere
719 4101 795 4163 jure-
866 4107 877 4134 ⁷
903 4101 943 4152 Ad
968 4101 1051 4150 ttrrm
1072 4101 1146 4150 uraris
1165 4100 1232 4151 rrdri
1254 4099 1380 4164 ωιτη

266 4184 311 4240 nes
320 4172 509 4237 oppidanorum
528 4171 660 4253 tortissimi
677 4189 708 4226 ae
727 4171 795 4225 iero·
833 4176 918 4230 Valde
928 4175 1047 4242 equidem
1059 4176 1100 4228 irie
1115 4177 1287 4242 neaeman,
1301 4177 1381 4228 oiin‘
