3192 4909
395 817 454 906 C.
486 813 819 908 CORNELII
856 817 1086 910 TAClTI

629 1029 766 1106 *AB

427 1205 669 1296 excesu
692 1217 809 1293 Dru
828 1217 1063 1297 suausrr
1289 1318 1294 1328 Ι

314 1409 1297 1634 ΑΝΝΑΜΠΜ11

403 1839 569 1916 LIBER
587 1839 795 1919 SEXTUS
816 1824 1080 1920 DECIMUS.

614 2109 889 2148 ππ

502 2335 818 2404 BREVIARIUM
839 2335 986 2403 LIBRI.

236 2525 324 2591 Gar.
341 2526 372 2592 1.
387 2525 421 2591 2.
445 2525 560 2594 illudit
573 2529 702 2594 fortuna
726 2527 866 2593 vanitati
888 2525 1035 2592 Neronis
1054 2545 1115 2610 per
1136 2525 1296 2608 Bassum,-

193 2628 250 2709 qui
264 2627 454 2691 thesamum
468 2629 502 2692 iu
517 2629 679 2694 Numidia
690 2629 860 2694 defossum
874 2628 996 2712 jactat,
1013 2649 1113 2712 quem
1142 2631 1176 2694 3.
1199 2629 1294 2694 Nero

191 2727 314 2792 frustra
328 2730 457 2812 quaerit.
493 2732 527 2794 4.
550 2730 692 2794 Lustrali
707 2732 884 2794 certamine
898 2731 1037 2794 victoria
1049 2736 1167 2794 cantus
1182 2731 1295 2796 oblata

192 2827 329 2906 Neroni,
354 2835 388 2893 et
411 2849 535 2894 corona
559 2829 738 2894 facundiae.
781 2831 814 2894 5.
838 2828 880 2893 In
898 2849 939 2893 eo
955 2831 1146 2913 spectaculo
1162 2831 1300 2895 auditoss

191 2948 266 2993 nrm
280 2932 434 2996 molestia
446 2937 480 2995 et
493 2930 697 3015 Vespasiani
712 2930 907 3014 pericnlum.
930 2931 977 3000 ,6.
1000 2932 1190 3014 Poppaeam
1204 2948 1299 2997 mor··

192 3038 282 3097 tnam
297 3033 412 3098 laudat
431 3033 520 3098 Nero
534 3035 624 3117 apud
637 3039 756 3098 rostra.

233 3135 331 3198 7-9.
353 3134 450 3199 Pulsi
463 3134 603 3198 Cassius
613 3141 645 3198 et
658 3135 793 3199 Silanus
807 3139 974 3199 necantur.
1019 3133 1073 3196 10.
1095 3134 1148 3200 ll.
1171 3132 1210 3194 L.
1224 3130 1301 3197 Ve·.

191 3239 243 3298 tus
258 3254 334 3298 cum
350 3235 467 3300 Sextia
481 3225 580 3299 socru
601 3241 635 3300 et
649 3236 797 3302 Pollutia
811 3235 880 3301 filia
892 3237 987 3319 perit.
1031 3234 1084 3298 12.
1106 3232 1292 3298 Accusato-

191 3335 236 3398 ris
250 3338 401 3419 praemia.
448 3336 617 3400 Mensium
639 3357 728 3402 nova
751 3339 895 3401 nomina.
941 3337 996 3400 13.
1019 3334 1164 3400 Turbine
1178 3337 1300 3398 vento-'-

190 3455 263 3500 rum
278 3443 407 3502 vastata
421 3436 620 3520 Campania.
652 3436 858 3503 Pestilentia.
891 3435 1144 3518 Lugdunensem
1162 3435 1293 3499 cladem

192 3534 354 3620 Princeps
369 3540 505 3604 solatur.
550 3543 603 3604 14.
625 3542 676 3604 15.
692 3541 824 3604 Sosiani
838 3538 953 3602 fraude
968 3536 1200 3601 Chaldaeorum
1215 3557 1299 3601 con·-

191 3637 344 3714 sultores,
369 3638 410 3701 P.
434 3637 577 3703 Anteius
602 3647 635 3704 et
664 3639 819 3704 Ostorius
844 3639 1003 3721 Scapula,
1030 3637 1132 3700 delati
1154 3643 1291 3702 mortem

185 3737 275 3820 jussi
300 3745 490 3820 properant.
542 3739 596 3803 16.
619 3740 730 3804 Taciti
756 3759 857 3823 super
881 3747 930 3804 tot
959 3738 1110 3802 cladibus
1138 3739 1291 3821 querelae.

191 3839 244 3904 17.
268 3837 388 3902 Rufius
404 3837 579 3922 Crispinus
595 3846 733 3904 coactus
758 3861 793 3904 se
814 3842 973 3904 interficit.
1018 3839 1122 3903 Mella
1138 3839 1232 3903 salsis
1250 3839 1299 3908 li·.

189 3939 267 4002 teris
283 3940 534 4016 circumventus,
550 3941 715 4024 similique
731 3947 801 4004 arte
815 3941 966 4005 Cerialis.
1011 3941 1064 4004 18.
1086 3942 1140 4003 lt).
1163 3938 1202 4002 C.
1225 3937 1290 4001 Pe·

188 4041 327 4117 tronius,
341 4041 469 4105 erudito
489 4042 573 4105 luxu
585 4047 694 4119 notus,
708 4040 863 4122 Tigellini
878 4042 1006 4106 invidia
1026 4059 1163 4115 exosus,
1186 4057 1290 4129 venas
1357 4065 1364 4078 ·

190 4139 255 4203 sibi
269 4141 396 4219 incidit,
410 4143 538 4225 flagitia
555 4143 703 4228 Principi
726 4139 891 4207 codicillis
905 4142 1104 4227 exprobrat:
1132 4139 1188 4202 20.
1210 4138 1290 4203 inde

188 4239 281 4305 Sillae
296 4242 444 4310 exilium.
