3192 4909
533 351 578 400 nr
602 349 802 417 suoonssro
824 353 970 408 canan.
1183 343 1273 418 mo

169 491 337 574 nonanti?
380 492 461 560 Vox
475 491 551 558 sorti
565 494 714 577 principe
728 493 877 576 dignust
898 495 1028 563 meliori
1047 517 1134 575 oevo,
1156 499 1221 564 scd.
1237 507 1272 566 at

172 597 328 678 tempori,
351 601 384 661 at
406 596 473 679 ipsi
498 600 568 660 tum
597 614 716 678 parum
741 615 934 678 congruens,
944 596 1010 664 fida
1033 599 1176 664 militum
1197 601 1270 686 jum

171 697 376 780 quotidianis
403 696 669 780 corruptionibus
698 697 857 763 obnoxia.
904 697 1091 763 Praesertim
1112 701 1272 767 onerabat

171 799 265 882 quod
288 801 384 864 trium
406 799 541 863 arbitrio
560 804 735 880 regeretur,
749 818 837 882 quos
849 795 1042 885 Paedngogoa
1056 801 1156 883 vulgo
1169 821 1272 870 voca·
1325 852 1328 857 -

170 899 264 975 baut,
280 899 375 964 Vinii
398 919 438 964 ac
461 899 607 964 Laconis
633 900 755 964 intimas
782 899 994 964 admissionis
1020 901 1217 980 amicorum,
1238 910 1273 973 at

173 997 258 1066 Iceli
274 1001 391 1067 liberti.
436 1001 584 1066 Privatis
600 1001 724 1083 quippe
736 999 926 1064 bominibus
940 997 1062 1064 sufficit
1076 999 1120 1065 ad
1129 999 1271 1085 justitiae

173 1100 320 1179 laudem,
335 1105 364 1168 si
377 1123 468 1168 noxa
481 1104 515 1167 in
531 1101 617 1166 alios
632 1103 836 1180 abstineant3
858 1107 894 1164 at
912 1101 1055 1184 principi
1077 1102 1270 1182 curandum,

173 1221 217 1266 ne
231 1204 391 1287 cuiquam
405 1224 448 1270 ex
468 1205 538 1270 suis
552 1203 588 1267 id
605 1204 726 1283 liccat3
748 1204 815 1268 nisi
830 1207 917 1268 carta
932 1201 977 1267 ad
989 1203 1130 1286 primam
1142 1205 1273 1270 occasi·

171 1321 271 1368 onem
286 1305 498 1371 familiarium
513 1307 659 1370 omnium
673 1305 792 1389 culpis,
803 1305 893 1368 velut
914 1323 935 1368 a
955 1323 993 1368 sc
1014 1305 1091 1388 ipso
1105 1305 1271 1383 admissis,

175 1401 327 1471 damnari
339 1406 430 1472 velit.
474 1404 566 1482 Quid
590 1405 686 1468 refert
699 1424 766 1489 qua
780 1409 876 1488 parta
884 1406 1014 1487 ingruat
1028 1407 1062 1469 in
1074 1405 1164 1470 cives
1178 1405 1271 1489 flagi·

175 1505 270 1584 tium,
285 1507 408 1584 scalas,
424 1511 483 1570 aut
502 1504 635 1588 injuria,
658 1506 686 1568 si
700 1505 856 1570 damnum
870 1511 994 1588 praestc
1007 1505 1064 1583 sit,
1079 1506 1272 1573 conniranta

174 1613 231 1671 aut
245 1609 344 1672 ctiam
358 1609 527 1690 ignorante
543 1607 602 1691 qui
616 1607 791 1692 probibere
806 1607 929 1672 debuit.
973 1605 1030 1671 Sic
1056 1604 1180 1686 Galba,
1194 1627 1273 1674 cum

173 1727 293 1774 nornen
307 1711 391 1793 ojus,
412 1711 489 1774 licet
510 1710 618 1788 inscii,
632 1715 868 1793 presterneretur
882 1709 996 1774 multis
1016 1708 1160 1793 injuriis,
1181 1710 1272 1792 quod

174 1815 286 1873 tamen
300 1810 458 1891 grassanti
475 1809 622 1878 ,licentiae
637 1811 820 1875 amicorum
834 1829 899 1874 uon
919 1810 1060 1888 obstitit,
1081 1815 1115 1874 at
1134 1808 1272 1873 laterent
1385 1841 1391 1852 ·

176 1909 270 1974 illum
284 1910 411 1974 scelera
433 1928 573 1994 quorum
587 1911 772 1993 ignorantia
786 1911 914 1993 culpari
929 1910 1058 1987 meruit,
1074 1910 1271 1976 auctoritato

171 2011 242 2094 jam
266 2011 368 2090 nulla,
389 2011 464 2096 ipsc
487 2031 548 2078 suo
573 2018 608 2077 at
629 2011 697 2077 scra
720 2011 823 2078 ctiam
835 2010 979 2096 Raipnb.
998 2011 1105 2078 exitio
1133 2010 1271 2095 gradum

178 2113 306 2178 struxit.
