3192 4909
332 373 421 440 alae
542 383 549 394 ’
736 390 835 440 uoas
858 390 1024 440 nunonis
1048 423 1052 433 .

333 539 393 598 aut
415 531 472 614 qui
497 533 728 616 undecumque
741 533 864 612 ingruit
878 534 1016 597 morbus
1030 539 1063 596 et
1086 533 1193 611 dolor,
1214 535 1283 601 etsi
1300 535 1441 602 levissi-

331 653 418 711 mus,
442 632 539 696 facile
565 635 717 716 proximo
733 635 869 698 alterius
880 637 1038 714 contagio
1057 636 1242 708 invalescit,
1268 644 1304 699 et
1326 641 1442 720 quatit

332 734 461 818 cietque
476 737 508 796 in
524 756 622 798 noxae
639 736 830 798 societatem
850 743 951 798 totam
969 735 1100 821 latentis
1116 737 1249 799 interius
1264 739 1343 800 mali
1358 757 1440 800 sen-

331 837 452 914 tinam3
486 839 535 898 sic
565 839 620 900 ubi
646 839 771 919 passim
795 839 926 901 laborat
951 836 1058 920 Resp.
1088 839 1145 920 qui
1169 841 1292 919 primus
1315 839 1442 904 laxata

331 938 518 1002 obedientia
540 940 687 1016 rebellat,
712 959 752 1002 ac
768 938 929 1002 detrectat
953 940 1141 1021 imperium,
1165 940 1201 1001 iu
1221 959 1350 1001 omnem
1365 946 1442 1004 tur·

330 1038 446 1102 barum
475 1039 638 1104 licentiam
669 1040 778 1121 praeit.
835 1038 953 1120 Neque
977 1059 1053 1103 raro
1076 1041 1198 1115 evenit,
1223 1050 1271 1116 ut,
1300 1042 1440 1107 sublato

331 1141 479 1223 principe
502 1142 600 1216 malo,
633 1123 688 1222 qui
720 1159 828 1202 novus
851 1147 884 1203 et
908 1139 1023 1203 melior
1057 1140 1219 1204 successit
1244 1143 1441 1222 imperator,

331 1244 440 1304 tanim
454 1241 538 1302 citra
553 1239 679 1302 ruinam
691 1259 756 1301 uon
771 1241 940 1303 subsistat.
984 1239 1118 1303 Vindex
1133 1261 1223 1321 ergo,
1240 1245 1441 1325 priusquam

261 1398 263 1403 .
333 1360 423 1412 arina
436 1347 624 1416 ostentaret,
647 1347 801 1402 excussis
816 1340 989 1420 diligenter
1003 1361 1078 1422 quae
1094 1339 1137 1403 ad
1163 1362 1200 1403 se
1220 1345 1442 1423 pertinerent,

332 1442 405 1506 scil.
423 1441 510 1525 quod
532 1461 591 1504 nec
608 1441 735 1528 imperii
749 1443 831 1505 satis
845 1459 960 1523 capax
974 1450 1072 1514 esset,
1095 1450 1274 1506 extraneus
1289 1445 1441 1521 scilicet,

332 1563 394 1608 nec
415 1543 555 1607 sectione
573 1543 716 1618 validus,
740 1562 847 1624 neque
862 1542 928 1604 sibi
944 1543 1124 1605 obstrictos
1138 1543 1173 1603 in
1190 1531 1343 1624 partibus
1356 1565 1441 1626 pro·

332 1665 425 1710 ceres
441 1645 540 1708 Rom.
565 1646 708 1721 haberet,
733 1644 879 1707 decrevit
896 1643 1071 1725 designata
1094 1644 1203 1705 auimo
1226 1646 1351 1725 exequi
1374 1665 1441 1708 au·

333 1747 450 1829 spiciis
475 1747 603 1822 alienis,
630 1753 713 1809 etse
729 1751 862 1820 vertere,
885 1763 951 1826 quo
974 1763 1049 1806 eum
1074 1745 1258 1808 auctoritas
1271 1751 1307 1806 et
1330 1745 1440 1824 fama,

333 1867 473 1932 quaeque
487 1847 605 1910 auxilii
629 1867 722 1928 spem
738 1848 870 1924 faceret,
895 1845 1109 1911 necessitudo
1132 1845 1281 1927 pluribus
1295 1847 1440 1922 innexa,

331 1967 373 2011 ac
388 1949 537 2030 potentia
551 1955 719 2013 vocarent.
765 1947 945 2012 Corbuloni
960 1967 1063 2030 nuper
1085 1946 1236 2010 Sicarios
1251 1948 1443 2012 immiserat
1554 2027 1557 2030 ⁴

331 2046 436 2127 Nero,
451 2055 484 2113 et
497 2048 743 2132 Vespasianum
758 2048 780 2114 J
784 2049 904 2114 udaico
919 2049 1008 2113 bello
1022 2047 1210 2112 distinebat.
1253 2047 1440 2114 Suetonius

333 2149 507 2214 Paullinus
527 2149 618 2213 haud
639 2150 754 2232 procul
775 2151 906 2231 agebat,
930 2148 991 2212 sed
1014 2151 1087 2214 sina
1108 2151 1275 2215 exercitu:
1298 2151 1329 2212 is
1344 2159 1440 2215 certe

332 2271 433 2336 supra
460 2253 606 2335 reliquos
632 2253 790 2335 temporis
819 2253 872 2317 sui
900 2253 1004 2316 duces
1030 2251 1165 2314 militari
1189 2252 1288 2316 laude
1312 2252 1438 2318 floruit.

331 2351 507 2436 Verginius
531 2353 644 2418 Rufus
671 2352 858 2418 Germaniae
878 2351 1040 2436 superiori
1061 2359 1204 2434 praeerat
1229 2371 1304 2414 cum
1326 2354 1439 2418 tribus

330 2453 527 2536 legionibus,
556 2454 694 2518 Vindici
719 2454 753 2516 in
776 2455 941 2535 proximo,
971 2451 1031 2516 sed
1054 2451 1192 2518 familiae
1215 2453 1437 2533 ignobilioris.

332 2551 546 2618 Germaniam
560 2554 747 2618 inferiorem
762 2554 935 2619 obtinebat
949 2552 1110 2618 Fonteius
1121 2552 1244 2638 Capito
1258 2573 1334 2618 cum
1348 2575 1437 2638 qua·

331 2660 406 2718 tuor
419 2652 614 2738 legionibus
627 2651 778 2718 Africam
790 2652 928 2721 Clodius
940 2654 1058 2724 Macer
1070 2675 1145 2720 cum
1153 2655 1252 2738 justo
1263 2658 1436 2738 exercitia

330 2755 391 2823 sed
406 2761 552 2840 uterque,
569 2776 612 2820 en
627 2775 690 2822 sua
702 2757 858 2840 opinione
870 2756 979 2839 impar
991 2757 1224 2836 restaurandis,
1247 2777 1325 2842 quar
1340 2759 1436 2824 Nero

331 2856 546 2921 subverterat
584 2857 748 2922 Restabat
761 2859 899 2921 Servius
914 2857 1085 2945 Sulpicius
1096 2857 1220 2937 Galba,
1232 2861 1286 2924 cui
1301 2879 1435 2943 maguae

331 2975 425 3040 opes,
448 2963 543 3021 vetus
559 2958 595 3022 in
608 2959 734 3022 familia
745 2959 916 3024 nobilitas.
960 2959 997 3022 Is
1012 2968 1089 3024 octo
1105 2964 1201 3025 anuis
1216 2968 1345 3027 rexerat
1362 2983 1436 3027 mo-

330 3057 442 3122 derate
457 3058 638 3122 citeriorem
661 3058 875 3142 Hispaniam,
896 3080 981 3124 nuuc
995 3079 1127 3146 quoque
1145 3062 1275 3144 legione
1286 3069 1321 3127 et
1334 3067 1435 3128 auxi-

330 3155 386 3221 liis
400 3158 589 3225 instructus,
633 3157 771 3246 Vindex
795 3179 870 3223 cum
893 3179 1018 3243 urgere,
1042 3181 1122 3244 quae
1141 3165 1289 3246 agitabat
1307 3167 1434 3246 auimo,

330 3260 513 3336 statuisset,
537 3263 570 3324 iu
595 3259 797 3343 Hispaniam
811 3267 845 3325 et
869 3263 936 3328 alio
950 3264 1037 3328 clam
1060 3264 1174 3330 literas
1187 3267 1287 3343 misit,
1308 3285 1434 3352 propo-

331 3358 387 3424 siti
402 3360 455 3422 sui
470 3360 560 3443 apud
580 3362 708 3444 legatos
724 3364 969 3445 provinciamm
988 3367 1193 3448 interpretes.
1237 3367 1349 3434 Galba
1370 3389 1434 3453 per

331 3459 457 3522 senium
471 3462 627 3544 languida
640 3465 833 3544 ambitione,
858 3468 963 3551 etqui
977 3472 1065 3532 motu
1081 3471 1280 3551 temporum,
1294 3471 1329 3534 in
1342 3469 1432 3535 desi·

331 3555 420 3622 diam
434 3563 669 3646 segnitiemque
682 3584 862 3630 conversus
882 3574 962 3643 erat,
977 3589 1019 3633 ue
1037 3569 1126 3632 votis
1149 3571 1284 3652 quidem
1302 3571 1432 3638 Princi-

330 3659 449 3744 patum
458 3671 667 3747 conceperat,
677 3672 709 3730 et
723 3666 778 3730 ille
788 3667 862 3750 jam
877 3675 952 3732 ante
964 3669 1087 3753 quietis
1105 3670 1237 3749 aridus,
1248 3691 1269 3734 a
1285 3657 1431 3754 publicis

330 3762 469 3842 negotiis
495 3773 676 3830 secesserat
699 3767 783 3832 intra
804 3769 981 3835 obscurum
1004 3773 1082 3836 vitae
1105 3791 1218 3854 genus.
1269 3773 1433 3840 Terrebat

331 3859 461 3926 scilicet
486 3863 589 3941 Nero,
615 3867 676 3930 sub
701 3887 782 3949 quo,
808 3889 884 3934 cum
906 3890 972 3948 non
998 3872 1134 3954 impime
1161 3893 1292 3957 semper
1318 3875 1433 3940 liceret

330 3961 538 4041 malefacere,
564 3972 650 4030 certe
675 3957 864 4032 benefacere
887 3991 1053 4058 nunquam
1076 3977 1225 4056 periculo
1249 3979 1375 4057 camit;
1398 3982 1432 4040 et

331 4062 421 4144 quia,
437 4070 472 4128 ut
486 4065 596 4130 aiebat
610 4069 682 4150 ipse
698 4069 823 4147 Galba,
848 4076 858 4105 ‘
872 4091 967 4140 nemo
981 4077 1143 4142 rationem
1155 4078 1216 4144 otii
1229 4080 1281 4142 sui
1295 4077 1431 4142 reddere

331 4165 521 4244 cogeretur?
561 4165 720 4254 Acceptis
744 4171 849 4238 literis
872 4172 1030 4242 Vindicis
1051 4177 1222 4262 perculsus
1245 4178 1369 4257 Galba,
1395 4183 1430 4242 et
