3192 4909
170 451 310 515 suun]
527 445 733 495 nuuaauna
766 447 840 498 ura.
865 447 946 498 xrs.
1190 437 1280 502 2t17

167 593 298 677 jactare
311 595 381 656 erat
394 591 574 655 intentione
590 591 699 656 vultus
723 597 757 656 et
771 593 919 670 auditis,³
935 593 964 656 si
984 613 1052 676 qua
1065 595 1188 659 clarius
1202 615 1279 679 pro·

172 695 408 777 loquebantur,
436 695 476 757 de
492 699 604 758 natura
619 695 738 758 animae
754 701 788 760 et
800 694 1040 760 dissociatione
1057 697 1192 778 spiritus
1207 713 1279 762 cor·

171 796 331 880 porisque
354 797 562 878 inquirebat:
586 797 690 860 donec
716 796 850 860 advenit
872 797 1041 861 Domitius
1063 795 1278 876 Caecilianus,

171 919 220 962 ox
243 899 368 962 intimis
392 899 522 974 amicis,
537 905 571 962 et
590 901 633 975 ei,
649 899 728 982 quid
743 900 885 963 Senatus
900 900 1096 977 censuisset,
1111 904 1278 983 exposuit.

173 1001 282 1082 Igitur
295 1001 409 1063 flentes
424 1001 737 1084 queritantosque,⁴¹
747 1003 806 1084 qui
832 1001 977 1078 aderant,
993 1006 1004 1036 ⁴
1019 1002 1182 1065 facessere
1205 1023 1281 1085 pro-

173 1102 265 1185 pore’
275 1101 435 1178 Thrasea,
453 1105 462 1134 ‘
478 1119 540 1163 neu
562 1104 711 1184 pericula
725 1121 785 1166 sua
800 1103 986 1166 miscerent5
996 1121 1073 1166 oum
1086 1110 1174 1166 sorte
1186 1102 1280 1166 dum·

172 1203 268 1280 nati,'
282 1206 437 1268 bortatur.
482 1201 692 1286 Arriamque,
708 1212 904 1267 teutontam⁰
918 1205 1028 1268 mariti
1053 1223 1211 1287 suprema
1223 1204 1279 1269 et⁶

172 1307 367 1390 exemplum
378 1303 482 1370 Arriae
498 1308 611 1370 matris
626 1308 748 1389 sequit
760 1310 904 1388 monet„‘
913 1307 1051 1370 retinere
1062 1307 1177 1384 vitam,
1187 1304 1266 1372 filiae

175 1409 425 1504 quesoommuni
442 1409 625 1471 subsidium
640 1411 788 1472 unicum
805 1427 871 1472 non
887 1407 1052 1471 adimere!

176 1575 291 1635 conjicere
302 1574 386 1622 licebat
398 1589 428 1622 ex
445 1575 576 1623 attentione
591 1575 663 1632 abus,
673 1578 696 1624 et
707 1573 803 1634 audita,
813 1573 835 1620 si
845 1588 891 1636 pau
901 1571 1031 1622 interdum
1042 1573 1115 1622 attiae
1123 1573 1282 1636 prosmbunt,

175 1639 344 1687 sciscitabatur
354 1641 383 1686 de
393 1643 479 1687 antara
490 1641 586 1696 anime,
596 1645 620 1686 rt
638 1638 784 1700 separatiane
803 1638 869 1685 tuias
877 1653 893 1685 u
903 1651 1012 1699 corpore:
1028 1638 1099 1686 donec
1108 1640 1220 1686 adnatat
1231 1639 1283 1687 Do·

175 1703 260 1751 nu'tiaa
272 1701 756 1763 caurumexfneuouaamuo,u
768 1702 938 1752 estimantur
948 1700 1005 1764 catu
1019 1706 1100 1764 patres
1117 1702 1281 1753 medam.

178 1767 263 1826 Igitur
279 1767 319 1829 qai
331 1766 473 1828 intererunt,
483 1783 536 1816 cum
546 1768 572 1816 in
580 1768 655 1830 stetur
666 1771 690 1816 et
701 1771 795 1830 pastas
804 1765 991 1830 effoderentur,
1001 1781 1053 1824 eos,
1063 1771 1090 1814 ut
1102 1765 1206 1815 abirent
1223 1779 1282 1830 pro·

177 1837 340 1894 peremerat
352 1832 463 1892 numm,
481 1839 509 1880 ot
529 1846 560 1880 na
580 1830 730 1880 discrimina
752 1847 799 1880 sua
818 1831 948 1880 socisrent
968 1829 1281 1882 cumiortnnadauruati.

179 1895 345 1958 Hortaturque
355 1896 454 1945 Arrium
464 1896 577 1945 eundem
594 1897 687 1946 exitam
696 1911 749 1944 cars
759 1897 820 1957 airu,
830 1900 853 1943 et
864 1895 980 1958 specim
989 1895 1070 1944 tirrioe
1080 1895 1166 1944 auro
1174 1896 1283 1944 oemsbri

176 1961 317 2022 capientem,
333 1967 364 2072 up
380 1962 461 2008 vitam
479 1975 545 2009 raum
560 1970 735 2022 conservaret,
753 1959 866 2024 tiliaeque
884 1961 1015 2008 corumuui
1033 1959 1208 2023 adjumentum
1227 1960 1282 2008 uni·

180 2038 240 2073 cum
251 2038 302 2073 uon
316 2039 348 2072 au
361 2031 440 2073 erret.

640 2117 741 2138 0010000
745 2118 832 2139 ouon

178 2215 284 2264 uirorum
296 2215 492 2278 stamineumque
505 2218 565 2262 cota
578 2211 729 2276 frequentent
746 2217 886 2273 egem—⁸
903 2212 947 2262 Ita
965 2213 1031 2262 Mas.
1049 2213 1118 2264 Ftor.
1129 2213 1195 2278 Agr.
1207 2215 1283 2266 Bodi.

180 2281 261 2330 Corb.
274 2289 300 2330 at
320 2281 402 2330 editio
422 2281 553 2344 princeps.
587 2279 652 2326 blas.
672 2277 748 2326 Harl.
759 2277 814 2327 Jea.
835 2275 924 2326 Gureti.
945 2283 973 2327 et
993 2278 1164 2340 Puteolanus,
1180 2280 1284 2330 aarum

179 2346 233 2394 Ma.
246 2347 413 2409 Reg.uuditu.
448 2344 560 2393 Rrotier.
580 2349 607 2390 rt
628 2355 716 2390 omnes
736 2339 792 2389 seru
813 2341 874 2390 edd.
893 2341 1033 2391 muita—4
1052 2342 1157 2391 ltaMs.
1169 2343 1238 2393 Flor.
1256 2353 1285 2393 et

179 2408 262 2460 ferme
273 2424 362 2459 omnes
373 2410 436 2458 Mas.
449 2423 479 2458 ac
493 2407 663 2456 Puteolanus.
697 2404 728 2453 lu
742 2406 806 2453 biss.
819 2407 884 2470 Reg.
898 2405 964 2468 Agr.
976 2413 1004 2455 et
1021 2405 1137 2455 editione
1156 2407 1284 2471 principe,

179 2479 353 2538 quocunque.
390 2474 538 2530 Rhenanus,
557 2471 761 2534 patarenorum
788 2478 816 2519 et
839 2471 877 2519 aie
894 2471 1042 2520 Gronovius
1061 2478 1090 2520 et
1113 2471 1283 2536 [tychius-o

179 2538 283 2651 Ιῦὺςενο
295 2539 408 2588 Brotier.
421 2550 478 2587 cum
494 2535 629 2586 Gronorio
647 2543 675 2584 et
694 2533 855 2598 stychia-6
871 2535 977 2585 Amicus
988 2535 1084 2600 Ryckii
1094 2538 1127 2585 ad
1144 2539 1286 2601 empta«.

214 2617 247 2651 ss.
260 2604 295 2651 nit
305 2610 416 2652 mutant.
1340 2616 1347 2630 ·

684 2727 790 2777 NOTAE

214 2854 273 2902 Vox
293 2853 362 2902 enim
381 2850 468 2916 magni
488 2849 566 2900 animi
586 2849 618 2899 ad
632 2835 714 2898 N'ero-
754 2859 817 2907 ηις
835 2849 965 2899 retentem
975 2851 1041 2899 mori
1052 2851 1195 2901 simulem
1210 2853 1286 2901 mari-

181 2945 251 2992 nem,
272 2929 377 2979 ἀπειλεῖς
396 2947 436 2990 μοι
461 2926 569 2977 θάνατον·
596 2925 635 2974 rai
660 2923 713 2983 Η
754 2931 791 2974 to.
819 2927 857 2976 Ut
868 2927 979 2976 Pauiiua
990 2935 1051 2978 aute
1062 2943 1121 2978 oum
1131 2929 1286 2979 §eneam

182 3004 260 3068 φύσις·
279 3007 385 3056 Minoris
395 3006 582 3062 cattinarum,-
597 3001 643 3052 tibi
659 3017 713 3050 rere
750 3002 894 3065 jamreuau
916 3004 942 3052 iu
964 3011 1074 3052 mortem
1092 3004 1244 3068 abruperat,
1259 3004 1286 3053 ui

182 3089 277 3134 auara
749 3079 826 3142 jussu
838 3079 965 3143 principis
976 3079 1106 3142 prohibita
1118 3077 1195 3128 t’oret.

216 3159 327 3222 ’igitur
341 3159 430 3222 flentes
450 3155 648 3222 queritautcsque]
667 3157 714 3204 Est
787 3156 953 3218 attempta·
961 3157 1043 3204 Arria
1053 3155 1138 3205 aratris
1146 3155 1222 3219 reuss]
1238 3155 1287 3205 Ar·

184 3239 287 3288 autem‘
302 3236 447 3302 quiritare,’
460 3244 489 3285 ut
508 3237 592 3300 inquit
606 3235 714 3282 Marcet·
754 3231 793 3279 ria
810 3236 903 3292 mater,
924 3246 988 3280 uxor
1009 3231 1060 3282 fuit
1075 3233 1187 3282 Caecinae
1207 3232 1287 3295 Paeti,

183 3314 235 3374 ius,
252 3313 401 3362 ‘ciamare2
427 3319 538 3360 tractum
564 3310 596 3358 ab
620 3309 649 3356 iis
672 3309 715 3372 qui
756 3311 798 3374 qui
822 3310 847 3358 iu
871 3310 989 3374 partibus
1008 3311 1170 3360 Scriboniani
1196 3317 1288 3360 coum

184 3389 303 3442 Quirites
331 3387 471 3438 invocant!
503 3388 616 3436 Lucilius
644 3388 660 3435 l.
677 3399 715 3435 rr.
758 3387 900 3436 Claudium.
934 3386 999 3436 ldeo
1021 3387 1054 3436 ad
1076 3393 1185 3436 mortem
1205 3393 1288 3438 actus.

185 3465 239 3513 Sat.
256 3467 263 3493 ⁴
280 3465 340 3524 Hic,
359 3465 470 3528 inquam,
482 3463 558 3512 rudet
579 3478 593 3511 e
615 3461 716 3511 Rostris
756 3461 809 3511 Sed
822 3463 925 3525 praeivit
936 3477 1011 3524 uxor,
1022 3469 1122 3511 aterno
1132 3471 1160 3511 et
1171 3461 1288 3512 inaudito

185 3545 263 3602 atque
283 3541 421 3602 ejuiitabit.
456 3541 616 3588 Concursum
635 3540 715 3588 ueluti
756 3537 1118 3599 exemploaemetferiendo,
1131 3545 1288 3588 extractum·

185 3616 326 3676 arenarius,
354 3617 477 3678 clareque
504 3613 650 3678 quiritans!
685 3615 716 3664 P.
756 3629 808 3679 que
826 3617 962 3679 pugionem
979 3617 1071 3664 marito
1090 3616 1209 3678 porrexit
1228 3629 1287 3665 cunr

185 3705 287 3756 quoque
325 3690 443 3752 Nigidius
473 3691 497 3736 in
526 3689 715 3738 cornnrentariis
757 3693 920 3750 voce,Poete,
937 3707 981 3741 nos
997 3694 1067 3741 dotet.
1096 3695 1209 3742 anium
1230 3694 1289 3756 iege
1360 3697 1367 3708 “

185 3767 377 3822 Grammaticis,
389 3770 485 3826 clamat,
495 3766 603 3829 quiritut.
756 3769 773 3816 1.
784 3769 956 3830 ur.·Epiatoia
970 3768 1002 3817 ad
1015 3770 1154 3832 Nepotem.
1180 3769 1288 3819 Martia·

217 3843 306 3894 Livius
318 3843 410 3893 unsar.
421 3855 477 3892 ιιι.
494 3845 502 3870 ‘
515 3843 593 3891 Nulla
603 3857 652 3890 vox
662 3844 716 3906 qui·
757 3844 787 3892 lis
798 3843 831 3892 de
843 3845 890 3892 bac
903 3845 1035 3894 Heraios:
1052 3849 1060 3874 ‘
1074 3848 1152 3895 Casta
1168 3859 1215 3892 auo
1235 3845 1291 3908 gia·

186 3921 317 3970 ritautiun·
332 3923 400 3970 iuter
410 3931 509 3983 stupra,
520 3931 547 3970 et
565 3921 650 3970 candes
671 3936 715 3970 ex·
755 3921 825 3970 dium
836 3938 893 3971 curn
904 3926 1021 3972 traderet
1029 3923 1104 3972 Arria
1115 3924 1196 3976 Puto.
1204 3923 1289 3972 Quem

186 3998 266 4047 audiri
288 3997 410 4058 poterat!
437 3997 471 4045 Et
489 3994 573 4045 iufra:
590 4001 596 4023 ⁸
614 3999 653 4046 Ne
666 4011 715 4046 vox
755 4000 788 4048 de
801 4001 941 4049 visceribus
960 4007 1077 4049 traxerat
1097 4001 1151 4060 ipsu
1173 3997 1239 4058 auis;
1260 3995 1290 4047 Si

186 4075 342 4138 quiritanti-r,
359 4089 416 4123 cum
429 4089 475 4137 per
487 4074 537 4122 vim
550 4079 668 4135 stuprum
680 4075 715 4122 in·
755 4095 806 4144 qna
818 4077 892 4136 fides,
906 4079 994 4126 votnm
1005 4078 1073 4141 quart
1092 4075 1155 4132 secr,
1172 4087 1222 4121 non
1243 4073 1291 4124 do-

185 4152 534 4216 seratur,exaudiripossit!
569 4153 715 4204 Vertruatas.
757 4157 804 4218 iot,
820 4153 913 4217 inquit,
929 4151 981 4202 Sed
1003 4155 1068 4215 quou
1094 4160 1121 4197 tu
1134 4147 1223 4210 iacies,
1239 4148 1289 4198 boe

217 4231 392 4296 ⁰TrutuutemJ
408 4231 717 4294 Cupientemuademsu-
757 4233 827 4293 nribi,
850 4233 935 4293 Pate,
955 4227 1045 4278 dolet!
1090 4225 1123 4275 ln
1141 4224 1245 4275 zonara
1261 4229 1290 4274 et

187 4305 718 4370 prems,seusimtleurexitumeum't'bra·
757 4309 846 4359 Dione
868 4305 961 4358 eadem
987 4303 1121 4356 narratio:
1143 4301 1226 4366 naar,
1247 4300 1300 4350 ota·
