3192 4909
486 395 533 446 ur
555 391 759 444 succussis
780 389 924 442 casnm.
1164 366 1258 442 ulls

197 537 425 624 Nymphidius
440 541 607 602 auctorem
622 555 659 604 se
673 535 834 602 interiecti
850 531 1008 613 Neronis,
1021 539 1055 599 et
1067 535 1180 600 norati
1191 538 1259 618 pmi

150 643 344 726 principatu
359 641 480 704 laboris
494 639 678 704 mmcderu
692 639 791 704 aliam
805 655 872 703 uon
889 652 977 714 csse,
998 642 1121 719 praeter
1139 637 1259 721 ipsum

151 744 375 827 principatum
398 747 503 820 ratus,
536 739 689 806 ‘Galbae’
714 755 849 824 quoque
879 736 1037 802 ‘senium’
1062 739 1253 824 increpans,

151 849 275 928 ‘quem
291 843 403 910 Roma
418 843 475 906 diu
496 842 578 906 ieme
592 860 659 906 non
673 839 812 925 posset,'
825 841 1015 925 principem
1027 842 1105 921 egit,
1122 849 1257 924 arrogas·

149 946 267 1028 vitque
282 945 347 1010 sibi
361 943 492 1026 imperii
506 944 623 1021 instar,
637 957 705 1006 non
727 959 786 1025 per
808 940 945 1023 medus,
967 939 1026 1003 sed
1040 957 1118 1004 cum
1131 957 1254 1022 magno

150 1049 292 1130 impetu.
320 1045 529 1112 Praetoriano
543 1045 641 1108 militi
656 1049 773 1128 gratus
788 1043 834 1107 ob
847 1042 1042 1106 donativum
1052 1047 1134 1121 crat,
1149 1058 1255 1124 prono

151 1154 186 1212 et
200 1148 305 1224 sacili,
322 1163 531 1229 quocumque
545 1143 689 1222 duceret,
703 1144 878 1227 obsequio.
923 1141 968 1208 Et
980 1143 1144 1226 primores
1159 1159 1258 1206 sena«

151 1255 218 1328 tus,
235 1248 376 1331 gratiam
388 1247 464 1331 ejus
477 1252 664 1331 captantes,
680 1245 856 1309 videbatm
876 1245 979 1310 etiam
999 1245 1065 1308 sibi
1085 1243 1256 1308 obstrinx-

146 1351 235 1428 isse,
249 1350 298 1414 ita
311 1358 349 1414 ut
361 1349 414 1414 sui
424 1349 497 1432 jam
512 1347 648 1423 oblitus,
665 1345 867 1427 ‘ligelliuum
882 1345 1009 1408 socium
1020 1344 1153 1427 juberet
1174 1343 1257 1408 ‘de-

152 1467 278 1531 ponere
291 1446 459 1532 gladium.'
504 1445 680 1523 Consules,
696 1443 787 1528 quod
801 1444 996 1508 ‘codicillos
1008 1461 1074 1506 nou
1087 1443 1256 1510 misissent

152 1569 215 1633 per
228 1549 447 1631 praetorianos
471 1545 605 1622 milites,
626 1563 691 1610 neo
712 1543 875 1610 mandata
893 1562 1063 1609 cursorum
1082 1544 1255 1626 obsignas·

154 1655 233 1713 sent
247 1650 357 1732 ipsius
369 1644 516 1723 annuo:
534 1645 724 1711 decreuerat
745 1645 914 1726 abdicare3
936 1650 973 1709 et
992 1647 1040 1710 rei
1061 1663 1161 1728 porro
1183 1661 1255 1709 sam

153 1752 317 1826 intentus,
328 1748 484 1814 convivio
497 1749 639 1831 excipit,
650 1749 708 1831 qui
723 1749 759 1811 in
773 1747 909 1812 civitate
923 1745 1262 1810 cranteminentioris·

155 1850 309 1927 fortunae,
324 1849 455 1914 nomine
469 1849 590 1914 Galbae
606 1857 729 1928 tamem
747 1849 957 1929 inspeciem:
979 1851 1013 1910 et
1034 1847 1133 1910 simul
1153 1847 1258 1909 tacite

155 1951 281 2014 milites
310 1950 469 2014 inducere
495 1954 643 2026 conatur,
674 1967 742 2032 quo
772 1948 893 2012 Galboe
920 1948 1159 2031 supplicarent,
1196 1951 1260 2010 ‘ut

156 2049 401 2134 Nymphidium
415 2048 537 2112 iaceret
558 2049 753 2131 prefectum
766 2049 914 2131 praetorii
928 2053 1123 2130 perpetuum
1136 2048 1259 2111 etsine
1390 2069 1396 2080 ·

156 2149 308 2232 collega!
353 2149 466 2232 thue
490 2150 633 2215 hcentim
654 2151 753 2214 hamo
767 2150 886 2232 populi
907 2149 1113 2230 militumque
1126 2147 1258 2212 animos

156 2250 324 2330 deliniret,
338 2251 430 2314 dedit
443 2251 606 2315 saeviendi
619 2255 819 2334 potestatem
832 2250 869 2313 in
883 2248 1087 2312 Neronianae
1101 2248 1265 2312 factionis

154 2351 326 2434 reliquias.
370 2351 544 2434 Spicillum
571 2351 785 2432 gladiatorem
815 2349 960 2414 Neronis
985 2350 1122 2431 imagini
1145 2349 1259 2432 alliga-

156 2458 238 2532 tum,
264 2453 464 2536 publiceque
487 2453 656 2534 'raptatum
681 2452 715 2516 in
736 2451 810 2516 foro
834 2451 1048 2515 trucidamnt.
1104 2449 1261 2534 Aponius
1331 2446 1334 2451 ’

157 2551 285 2618 delstm
298 2571 478 2635 oppressus
492 2557 555 2628 est,
570 2570 631 2632 per
645 2551 743 2635 cujus
759 2550 904 2614 cadaver
924 2551 1127 2633 impulerunt
1141 2568 1262 2634 graves

158 2652 252 2718 saxis
267 2669 398 2730 curms;
420 2670 461 2714 ue
475 2649 558 2713 alios
573 2651 814 2714 contumeliose
827 2651 963 2713 habitos
978 2671 1154 2733 caesosque
1168 2671 1260 2716 com·

157 2771 349 2829 memorem3
381 2750 543 2833 quosdam
572 2751 674 2813 etiam
702 2749 958 2832 discerpsersmt,
987 2757 1027 2814 nt
1054 2751 1147 2815 rrullo
1168 2759 1260 2818 metu

159 2851 347 2936 grassantis
362 2851 453 2930 vulgi
466 2868 540 2914 mos
556 2856 619 2926 est,
637 2849 726 2914 omni
738 2851 840 2932 culpa
853 2869 993 2914 vacuos.
1030 2851 1073 2916 Et
1085 2851 1120 2914 in
1134 2851 1261 2918 Senatu

160 2954 278 3018 audita
292 2953 459 3035 querentis
475 2951 639 3016 Maurisci
664 2971 733 3015 vox
756 2957 820 3027 est,
844 2950 937 3013 ‘sore
957 2957 994 3014 ut
1014 2953 1109 3017 brevi
1133 2959 1260 3037 optent,

159 3055 290 3120 restitui
305 3055 370 3118 sibi
390 3053 564 3130 Neronem,
581 3071 655 3116 cum
673 3053 782 3132 magis
796 3050 971 3113 toleranda
985 3053 1031 3116 sit
1043 3055 1145 3118 unius
1159 3073 1260 3136 quam

159 3153 302 3237 plurium
318 3154 480 3237 tyrannis,
495 3157 667 3236 tutiusque
692 3154 770 3228 vivi,
785 3152 844 3215 ubi
868 3153 951 3216 nihil
974 3153 1062 3231 licet,
1077 3174 1179 3237 quum
1203 3155 1261 3219 ubi

161 3253 295 3320 omnia!
341 3255 395 3320 Ita
410 3254 646 3338 Nymphidius,
660 3260 759 3317 uatus
778 3251 981 3336 Nymphidio
994 3255 1123 3332 liberta,
1140 3256 1264 3337 diuque

163 3355 272 3420 aulico
286 3358 430 3420 exercita
443 3356 620 3430 famulitio,
636 3363 669 3418 et
685 3354 851 3418 Martiam>
861 3353 1042 3434 gladiatore
1065 3363 1167 3438 patre,
1182 3356 1264 3419 insi·

163 3455 315 3522 diabatur
339 3466 371 3520 et
394 3458 584 3520 imminebat
604 3457 753 3539 imperio,
769 3455 901 3538 sibique
923 3455 959 3518 id
976 3457 1138 3540 rapiebat,
1161 3475 1264 3540 opera

162 3555 370 3620 foeminarum
384 3559 570 3633 illustrium,
585 3565 618 3620 et
643 3575 780 3639 quorum
806 3555 928 3619 Romae
953 3558 986 3618 in
1013 3563 1128 3621 senatu
1151 3557 1268 3622 valida

164 3657 342 3724 auctoritas
356 3662 440 3736 erat3
463 3658 567 3722 misso
592 3675 726 3738 quoque
747 3657 782 3718 in
807 3655 1009 3738 Hispaniam
1024 3658 1190 3735 Gallieno,
1205 3660 1264 3742 qui

165 3756 380 3840 explorandis
396 3756 516 3821 Galbae
530 3758 682 3822 consiliis
698 3760 842 3821 intentus
852 3765 957 3822 essct.

209 3856 374 3922 Maeotin
389 3857 517 3934 Africa,
532 3861 631 3924 rebus
653 3861 724 3943 jam
749 3860 901 3937 turbidis,
918 3861 1064 3924 delectus
1078 3861 1158 3940 agit,
1173 3857 1272 3941 prin-¹

168 3957 342 4042 cipemque
364 3963 426 4022 sibi
449 3961 556 4024 locum
572 3960 737 4024 destinate
759 3960 818 4023 sed
833 3979 909 4024 eum
923 3962 1063 4025 avaritia
1076 3967 1111 4024 ct
1124 3957 1265 4022 crudeli-

169 4061 222 4124 tas
234 4061 380 4126 invlsum
394 4063 555 4141 fecerant;
578 4061 809 4146 languidisque
831 4063 866 4124 iu
891 4081 928 4124 se
951 4063 1118 4125 hominum
1133 4059 1265 4138 studiis,

167 4179 231 4225 uec
246 4181 343 4245 pares
358 4164 532 4230 conatibus
544 4165 633 4228 vires
646 4183 775 4247 cogere,
798 4183 860 4233 uec
869 4164 942 4247 jam
952 4163 1076 4246 coepn’s
1090 4161 1162 4235 qino
1175 4153 1275 4246 pori.
1408 4189 1415 4202 ·
