3192 4909
492 403 538 448 nr
562 399 760 451 suconssro
783 401 928 450 omns.
1158 385 1253 457 21oe

152 621 157 631 ι
201 544 331 612 luteres
352 543 577 628 Nymphidius
610 542 757 608 Sabinus
784 549 818 608 et
841 543 1032 626 Sopbonius
1054 544 1251 626 Tigellium,

145 647 218 735 .qui
230 652 299 712 tum
312 647 487 730 pretorius
500 646 655 710 cobortes
667 647 833 726 regebant,
845 646 959 727 etqui,
973 647 1251 728 obscurogeueua,

75 805 79 814 .
146 747 233 824 ,base
259 749 416 814 virtutum
444 749 584 830 praemia
614 768 671 829 per
699 748 809 812 scelus
838 767 879 810 ac
916 749 1078 812 beneflcio
1108 749 1252 820 Neronis

146 849 271 931 adepti
286 855 397 928 erant,
407 851 504 934 primi
517 870 593 914 eum
617 849 768 914 deserunt
792 849 1009 934 produntque.
1053 849 1118 912 Sed
1142 849 1252 931 Tigel-

157 948 244 1014 linus
269 952 408 1016 iufamia
422 957 529 1016 suaet
549 950 686 1032 publico
708 949 785 1014 odio
806 949 982 1026 invalidus,
999 949 1144 1014 Sabinus
1156 969 1252 1030 pros-

157 1067 240 1130 pera
252 1052 390 1116 militum
406 1051 658 1126 iumallorebat,
680 1051 737 1133 qui
761 1049 932 1127 affirmato,
954 1050 1143 1114 ‘Neronem
1164 1048 1253 1133 [κιο

156 1147 321 1232 delegisse
346 1152 484 1236 AEgypti
509 1151 676 1228 latebras:
704 1161 737 1216 et
761 1152 851 1216 facta
875 1153 1083 1235 praetorianis
1104 1152 1253 1220 donativi

157 1270 232 1333 spe,
255 1252 396 1318 ‘Galbae
422 1255 565 1329 nomine,
591 1253 739 1335 trigesies
763 1254 862 1319 mille
877 1256 1075 1320 sestertiumg
1100 1259 1133 1318 et
1158 1253 1254 1336 quin-

157 1349 268 1435 quies¹¹
282 1356 314 1416 in
329 1353 546 1436 legionarios:
561 1354 636 1436 plus
660 1372 762 1438 quam
788 1359 848 1418 aut
869 1362 987 1436 posset
1007 1360 1066 1418 aut
1080 1353 1190 1431 veliet,
1200 1353 1253 1420 fa·

145 1454 223 1518 cilo
235 1457 399 1537 persuasit
412 1456 495 1539 ipsis
509 1461 545 1519 ut
558 1455 739 1521 desererent
753 1456 948 1540 principem,
964 1478 987 1522 a
1007 1478 1086 1541 quo,
1100 1464 1139 1524 ut
1156 1463 1254 1542 prde-

147 1556 248 1633 .baut,
274 1555 501 1636 desererentur,
527 1562 561 1622 et
586 1559 621 1622 in
648 1555 768 1622 Galba·
793 1559 897 1624 verbu
921 1559 1081 1642 jurarent.
1136 1559 1254 1642 Neque

146 1656 265 1722 ‚favori
280 1678 347 1740 quo
362 1665 490 1724 ceteros
505 1659 608 1723 duces
625 1659 829 1742 precelleret
842 1659 954 1724 Galba
966 1659 1002 1725 id
1016 1660 1172 1726 tributum
1182 1665 1253 1740 θείς

158 1757 219 1820 sod
233 1758 313 1822 dum
326 1761 384 1824 alii
407 1759 604 1836 dubitarent,
629 1760 687 1824 alii
708 1765 907 1837 recusarent,
928 1765 964 1824 et
985 1761 1079 1826 nullo
1094 1761 1255 1844 competi-

158 1863 230 1923 tore
245 1865 381 1924 certaret
393 1860 515 1939 Galba,
539 1862 711 1944 imperium
724 1862 755 1924 ei
769 1861 914 1928 delatum
936 1867 1000 1928 est.
1045 1862 1254 1939 Praetorium,

149 1962 219 2044 .qui
231 1961 268 2024 in
280 1963 435 2026 excubiis
448 1967 542 2029 eraut
557 1963 649 2044 apud
665 1964 848 2046 principem
864 1965 899 2028 in
919 1962 1034 2041 bortis,
1049 1964 1129 2028 dum
1139 1963 1255 2030 tuturo

157 2063 376 2144 prospiciunt,
391 2069 424 2127 et
439 2064 700 2128 commilitonum
713 2064 866 2128 consiliis
890 2083 927 2133 se
951 2066 1134 2128 immiscere
1156 2064 1255 2145 gesti·

158 2168 226 2238 urrt,
249 2165 371 2246 quibus
394 2165 439 2228 de
461 2165 602 2229 creando
625 2184 712 2230 noro
726 2165 880 2248 principe
893 2165 1063 2246 agebatur,
1077 2163 1256 2230 dormiente

160 2263 306 2343 Nerone,
321 2285 358 2330 se
385 2267 580 2332 subducunt.
625 2265 688 2330 Ille
710 2264 755 2331 ad
776 2265 922 2332 mediam
935 2267 1003 2330 iere
1016 2270 1147 2330 noctem
1160 2263 1256 2334 exui·

159 2369 261 2444 tatus,
283 2373 320 2430 ut
341 2368 502 2450 comperit
515 2369 687 2434 stationem
709 2369 849 2438 militum
863 2369 1055 2444 recessisse,
1069 2365 1256 2449 prosiluite
1385 2430 1389 2434 ,

157 2463 259 2544 lecto,
273 2468 430 2552 misitque
444 2470 571 2532 circum
585 2469 723 2532 amicos.
766 2467 811 2532 Et
833 2468 914 2551 quia
935 2468 1017 2534 nibil
1039 2487 1063 2530 a
1085 2483 1255 2551 quoquam

158 2569 414 2645 renuntiabatur,
438 2570 512 2650 ipse
532 2588 607 2634 cum
621 2569 740 2651 paucis
765 2568 914 2653 hospitia
936 2570 1139 2652 singulorum
1162 2568 1256 2634 adit.

160 2667 288 2732 Tantus
302 2667 496 2752 Imperator,
516 2670 608 2752 prius
622 2669 795 2734 adoratum
809 2669 931 2734 mundo
944 2676 1057 2752 caput,
1073 2669 1257 2734 amicorum

115 2771 117 2780 '
160 2769 367 2852 militumque
391 2769 646 2834 instructissimo
669 2769 842 2845 comitatu,
867 2775 901 2833 et
921 2767 1088 2851 expeditis
1108 2768 1257 2834 omnium
1320 2837 1325 2843 ,

161 2869 340 2953 obsequiis,
354 2891 441 2936 nunc
459 2871 582 2938 servuli
603 2871 638 2934 iu
659 2888 781 2934 morem
807 2869 896 2935 tores
920 2871 1061 2945 oberrat,
1076 2887 1162 2952 quas
1174 2867 1257 2934 inio-

160 2969 217 3032 lici
239 2971 305 3036 sibi
327 2971 462 3037 clauses
482 2973 610 3054 reperit.
653 2970 709 3035 Ita
721 2970 911 3051 urgentibus
926 2968 1086 3046 adversis,
1100 2969 1257 3037 consilio·

161 3089 227 3152 que
249 3077 282 3135 et
303 3073 425 3138 solatia
438 3074 680 3139 notissimorum
707 3070 986 3154 praeripientibus,
1010 3071 1045 3134 in
1067 3068 1257 3136 cubiculum

160 3171 268 3250 rediit,
280 3173 367 3237 uude
376 3174 449 3257 jam
463 3179 497 3238 el
509 3173 666 3238 custodes
688 3169 894 3252 diffugerant,
906 3169 1044 3252 direptis
1058 3172 1160 3236 etiam
1173 3175 1258 3238 stra·

161 3273 258 3353 gulis,
275 3268 387 3339 amota
398 3279 432 3340 et
446 3274 569 3358 pyxide
585 3274 713 3338 veneni.
754 3271 1032 3353 chuisiritergo
1048 3271 1258 3354 ‘Sulpicium
1338 3345 1343 3354 ¹

162 3373 387 3454 gladiatorem,
402 3375 458 3438 vel
471 3375 650 3458 quemlibet
664 3374 765 3438 alium
779 3389 1022 3454 percussorem,
1038 3374 1135 3456 cujus
1155 3390 1257 3438 manu
1374 3389 1382 3406 ·

160 3474 301 3557 periret?
345 3475 487 3539 Neruius
500 3481 640 3558 reperto,
655 3493 716 3538 nec
729 3475 839 3538 amico
852 3491 915 3536 nec
928 3473 1076 3550 iniurioo,
1091 3473 1258 3555 procurrit

162 3575 259 3658 quasi
283 3577 547 3658 praecipitaturus
563 3595 606 3642 ,se
629 3576 662 3638 in
680 3573 842 3638 Tiberim.
886 3573 954 3636 Sed
967 3579 1124 3638 revocato
1144 3591 1257 3642 turm

161 3677 297 3757 impetu,
321 3676 445 3760 aliquid
459 3677 645 3742 secretioris
664 3676 800 3742 latebrae
816 3674 860 3739 ud
876 3673 1098 3756 colligendum
1111 3674 1258 3742 animum

162 3775 369 3842 desideravit.
392 3777 436 3842 Et
448 3777 600 3843 offerente
614 3777 765 3842 Phaonte
779 3777 898 3842 liberto
909 3777 1133 3842 suburbanum
1146 3793 1256 3853 surmr,

162 3877 253 3942 circa
265 3886 419 3961 quartum
433 3879 631 3958 milliarium,
650 3880 735 3961 rugit
746 3877 837 3944 nudo
852 3880 938 3963 pede
957 3883 1058 3963 atque
1078 3878 1256 3952 tunicatus,

654 4088 763 4142 NOTAE

184 4236 207 4273 '⁸
222 4228 331 4292 breuis
339 4235 388 4283 ltili
398 4235 524 4286 coronati.
761 4231 774 4268 ¹·
789 4231 853 4282 Sunt
865 4235 911 4280 125
923 4226 1048 4279 carenti.
