3192 4909
354 387 442 456 nito
756 401 857 450 rrons
878 397 1050 450 rtnnornn

241 624 247 638 ι
353 549 495 630 quatuor
509 543 618 610 solum
631 543 878 619 comitantibus,
893 539 1054 619 Pinnata,
1070 537 1308 625 Epaphodinr,
1324 537 1455 624 Sporo,

352 651 387 710 ot
401 643 592 728 Neophyto,
616 645 769 710 obsoleta
789 645 826 706 in
840 648 946 718 reete,
959 659 1066 724 neque
1078 659 1216 724 prorsus
1226 641 1411 708 militarem
1422 643 1458 705 in

352 745 501 824 modum,
512 747 739 830 adopertoque
754 745 877 828 capite,
891 747 926 806 et
937 749 1014 806 ente
1026 741 1149 806 taciem
1161 743 1294 806 obtmto
1307 742 1458 807 sudario.

355 845 446 912 Dum
459 848 598 912 festinus
612 855 706 929 urget
722 847 795 924 iter,
818 844 924 910 audiit
943 861 989 908 ex
1009 844 1175 926 proximis
1195 844 1315 908 eastris
1329 843 1458 908 ciamo-

353 967 424 1013 rem
438 949 591 1025 militum,
614 955 666 1012 ‘et
680 949 745 1011 sibi
761 946 914 1022 adversa,
935 949 971 1008 et
990 943 1113 1010 edne
1127 963 1289 1027 prospera
1300 946 1458 1010 ominan-

352 1041 458 1114 tinm.'
502 1048 597 1132 Fqno
621 1051 657 1112 in
679 1049 736 1112 vio
758 1052 980 1122 consternato,
1007 1052 1044 1108 et
1065 1044 1108 1108 ad
1132 1045 1223 1108 letne
1248 1044 1456 1122 deflectente,

349 1149 484 1215 detecta
496 1149 595 1225 facie,
622 1149 755 1230 agnitus
778 1154 831 1211 est
845 1166 867 1210 a
881 1147 1025 1229 quodam
1038 1147 1180 1210 missitio
1193 1147 1411 1230 praetoriano,
1422 1151 1457 1210 et

355 1249 529 1316 mutatus.
574 1249 623 1314 Ut
645 1249 689 1313 ad
709 1249 941 1314 diverticulum
953 1253 1086 1311 ventum
1099 1255 1163 1324 est,
1184 1246 1456 1329 dimausequis
1564 1256 1565 1259 ’

354 1353 437 1416 inter
450 1349 605 1414 fruticeta
628 1369 671 1414 ac
692 1367 822 1432 vepres,
845 1367 906 1430 per
929 1347 1113 1411 arundineti
1135 1347 1285 1412 semitam
1299 1366 1390 1428 aegre
1411 1345 1455 1410 ad

357 1450 534 1516 adrasum
548 1452 638 1516 ville
652 1453 812 1534 parietem
824 1450 943 1513 evasit.
987 1447 1043 1512 lbi
1062 1449 1212 1512 bortante
1233 1447 1351 1512 eodem
1364 1447 1457 1512 Pba·

354 1557 442 1631 onte,
466 1557 525 1615 ‘ut
549 1554 675 1616 interim
697 1555 731 1615 in
746 1570 883 1634 specum
895 1555 1020 1632 egestae
1035 1568 1144 1614 arenae
1167 1549 1382 1626 concederet'
1395 1567 1456 1613 ne-

355 1655 446 1736 gavit
466 1652 478 1687 ‘
488 1673 525 1718 se
547 1655 660 1718 vivum
683 1655 745 1717 sub
760 1659 876 1716 terrem
892 1650 1039 1731 iturnm3’
1060 1671 1102 1715 nc
1116 1669 1294 1734 parumper
1304 1667 1457 1714 eommo-

355 1759 458 1833 ntus,
483 1755 562 1819 dum
585 1755 808 1818 clandestinus
822 1753 866 1816 ad
881 1753 994 1818 villam
1018 1753 1170 1817 introitus
1188 1755 1375 1835 panaretum
1405 1757 1456 1815 ut·

355 1877 421 1940 que
441 1859 488 1922 ita
510 1856 696 1939 quadrupes
709 1875 769 1938 per
791 1856 961 1936 angustias
973 1853 1107 1918 domm
1128 1871 1279 1917 cavernae
1298 1858 1456 1934 receptus

355 1959 391 2021 in
412 1961 599 2040 proximam
614 1955 744 2033 cellam,
759 1955 920 2020 decubuit
940 1975 1041 2039 super
1057 1955 1177 2018 toebrm
1189 1951 1370 2020 modicelln
1380 1953 1454 2020 cnl-

356 2057 433 2124 cita

394 2159 533 2225 -lnterim
560 2161 680 2226 Romae
701 2181 724 2226 a
747 2161 872 2227 Senatu
892 2158 1029 2226 ‘bostis’
1039 2159 1224 2244 judicatur,
1245 2157 1454 2239 ‘dignusque

355 2262 413 2346 qui
433 2264 588 2344 puniatur
612 2283 702 2328 more
722 2262 906 2346 majorum?
949 2258 995 2326 Et
1013 2262 1086 2346 jem
1099 2260 1310 2343 quaerebatur
1326 2259 1374 2322 ab
1396 2258 1453 2336 iis,

356 2361 479 2444 quibus
506 2370 713 2446 praeceptum
741 2369 822 2441 erat,
851 2368 889 2427 ut
916 2364 1030 2427 vivum
1057 2381 1133 2425 eum
1161 2361 1368 2426 maent-
1411 2359 1454 2422 ln

357 2461 588 2545 Principatum
604 2474 715 2528 autem
729 2483 913 2541 successor,
927 2465 991 2528 etsi
1004 2464 1115 2528 acius
1128 2462 1274 2527 omnium
1288 2461 1455 2543 subiugiis

356 2559 536 2643 Verginius
550 2564 784 2644 designaretur,
801 2567 859 2648 qui
881 2585 903 2629 a
925 2565 1051 2630 Senatu
1074 2569 1251 2647 expectare
1269 2581 1370 2647 posse
1382 2581 1454 2626 ere-

355 2660 496 2728 debatur
516 2664 580 2728 boc
609 2664 817 2745 beneficium,
840 2686 918 2730 cum
943 2667 987 2730 ad
1006 2685 1084 2729 enm
1104 2665 1268 2729 retulisset
1280 2664 1454 2728 arbitrium

356 2759 510 2845 eligendi,
531 2771 643 2847 patres
657 2771 775 2843 tamen
791 2773 881 2831 metu
894 2787 937 2830 ne
952 2768 988 2829 in
999 2785 1104 2830 novas
1117 2767 1196 2830 belii
1209 2765 1322 2829 civitio
1335 2765 1454 2828 turbas

355 2864 606 2938 revolverentur,
630 2885 705 2929 cnm
727 2868 915 2931 submoveri
929 2868 1078 2951 alioquin
1098 2872 1264 2951 occupato
1281 2867 1354 2951 jam
1375 2867 1455 2931 ioco

354 2961 469 3028 Galba
476 2984 541 3029 non
550 2971 673 3050 posset,
683 2967 824 3031 militum
833 2966 1199 3049 exemplo,inGnibom
1207 2972 1454 3034 consenserunt.

355 3065 443 3130 Tum
470 3085 668 3150 unoquoque
697 3071 788 3132 circa
813 3067 978 3132 Neronem
1005 3069 1184 3133 hincinde
1210 3069 1361 3144 instante,
1392 3072 1455 3132 ‘ut
1483 3122 1490 3132 .

356 3169 610 3249 quamprimum
626 3187 662 3231 se
685 3169 948 3252 impendentibus
966 3171 1174 3238 contruneliis
1195 3171 1344 3252 eriperet,
1359 3169 1453 3234 inne-

355 3265 438 3332 ralia
452 3267 577 3330 instrui’
587 3269 699 3351 jussit,
714 3271 795 3336 tiens
816 3270 859 3334 ad
874 3269 1016 3352 singula,
1030 3277 1133 3353 atque
1154 3269 1332 3334 identidem
1353 3269 1453 3334 dien·-

223 3380 228 3388 '
355 3371 440 3444 tane,
462 3364 604 3445 ‘Qualis
628 3369 747 3433 artifex
773 3370 895 3454 pereot’
940 3369 1031 3434 Inter
1052 3389 1164 3434 morae
1184 3371 1453 3454 perlatosaour-

356 3483 431 3531 eore
458 3467 621 3533 Phaontis
645 3471 818 3536 codicillos
845 3473 1029 3555 praeripuit,
1050 3473 1197 3556 legitque
1217 3493 1256 3536 se
1277 3492 1300 3536 n
1327 3472 1452 3538 Semta

355 3563 482 3630 bostem
501 3569 700 3650 judicatum,
724 3577 758 3634 et
784 3575 890 3656 queri
915 3579 952 3636 ut
979 3575 1133 3655 prmiatur
1159 3593 1249 3639 more
1274 3575 1450 3658 majorum.

356 3663 649 3752 Interrogavitque,
674 3673 796 3754 ‘qnele
809 3680 896 3737 esset
917 3674 954 3736 id
973 3693 1076 3756 genus
1089 3675 1231 3759 poenoe3’
1250 3676 1326 3739 scit.
1338 3675 1450 3756 ignoeo

355 3765 436 3829 ribi·
449 3767 532 3830 tales
557 3771 740 3834 sanctiones
769 3772 929 3836 condendi
957 3776 1067 3838 more!
1111 3775 1196 3840 Gurn
1224 3779 1450 3858 comperisset,

356 3867 458 3930 ‘nudi
480 3866 622 3934 bominis
647 3873 809 3936 cervicem
830 3873 929 3938 inseri
951 3874 1067 3950 furcae,
1080 3894 1202 3958 oorpns
1216 3878 1318 3959 virgis
1338 3875 1382 3940 ad
1394 3896 1451 3940 ne·

356 3985 429 4032 cem
445 3968 554 4046 caedi,'
569 3972 772 4050 conterritus,
783 3972 868 4038 dnos
882 3975 1055 4056 pugiones,
1063 3994 1148 4057 qnos
1159 3996 1271 4041 secum
1285 3977 1450 4055 attulerat,

355 4073 511 4156 arripuit3
532 4079 722 4157 tentataque
735 4077 906 4159 utriusque
920 4075 1005 4155 a'cie,
1020 4099 1134 4142 rursus
1149 4080 1308 4158 condidit,
1320 4101 1362 4146 ae
1377 4101 1450 4146 ora·

355 4174 424 4253 bat,
443 4178 481 4237 ut
494 4192 531 4238 se
544 4173 666 4258 anquis
680 4173 724 4240 ad
738 4182 876 4244 mortem
889 4178 1139 4264 capessendam,
1153 4183 1306 4267 exemplo
1319 4202 1384 4249 sno
1392 4183 1449 4268 jd·
