3192 4909
335 385 423 478 195'6
670 403 728 474 ·c.'
743 403 924 473 corruenti
950 405 1076 472 uscr'rr
1274 411 1443 497 [suess

332 571 430 639 turz’·
451 569 591 655 quodie
613 566 704 653 lepis
726 567 884 653 ἰςιιιΊιιιε11
899 569 1082 653 impervius
1096 553 1159 635 ert.¹
1201 569 1443 658 ‘Jnm'eqnu,·'¹

319 674 537 759 'privatorum
564 670 707 737 licentia*
734 668 939 756 intercepte,l
968 679 1062 755 quon
1089 673 1211 756 largior
1230 677 1265 737 et
1286 674 1440 758 pluribu's

313 847 434 926 vdssssruis
441 846 578 897 isoideiss.
610 845 699 896 Etiam
718 859 796 911 sque,
812 861 889 912 qoem
901 846 997 910 prissti
1008 861 1057 912 per
1067 846 1200 898 lieentiesn
1212 855 1376 916 usurparent,
1386 863 1441 916 qno

796 961 975 982 eueuuun

332 1047 397 1091 -ll
414 1042 459 1094 filo
470 1041 534 1092 Mes.
545 1041 616 1091 Flor.
629 1041 693 1106 lleg
704 1041 794 1092 Guelf
806 1041 883 1092 Bodl.
895 1043 950 1094 les.
968 1042 1097 1094 editiones
1109 1051 1213 1094 veteres
1227 1050 1256 1094 et
1267 1045 1439 1096 recentiores.

333 1106 557 1221 limem.
550 1111 623 1156 μη
640 1107 755 1157 Freimls.
777 1122 821 1171 quo
832 1107 969 1157 delendum
982 1114 1067 1173 putat,
1078 1107 1250 1172 planiorem
1230 1123 1267 1159 sse
1280 1111 1364 1159 locum
1381 1107 1438 1163 son

333 1187 347 1220 r

827 1277 937 1329 NOTAE

330 1393 391 1442 oleo
413 1391 493 1441 etism
518 1391 606 1441 lucere
635 1391 728 1442 fertur.
769 1393 818 1442 Est
837 1398 866 1442 et
905 1393 957 1443 ime
968 1394 1116 1456 perte31ed
1126 1393 1188 1443 nihll
1200 1391 1306 1446 affirmo.

333 1470 437 1537 quidem
455 1469 544 1520 viridis
554 1471 621 1535 lepis
632 1471 799 1520 veliementer
811 1471 865 1536 igni
937 1470 1113 1534 Solidorestse]
1129 1472 1251 1532 vertunt,
1267 1471 1338 1538 qussi
1356 1468 1438 1520 forui-

332 1545 473 1597 resistens.’
512 1547 564 1597 Sed
592 1547 702 1612 corrigo,
724 1547 865 1598 Geimuse
905 1561 947 1596 ces
959 1545 1053 1609 lspldel
1065 1553 1229 1596 struerentur
1240 1561 1323 1612 usqne
1334 1547 1367 1597 sd
1379 1563 1437 1598 cer-

329 1623 470 1674 strabone.
486 1623 494 1651 ‘
505 1623 583 1673 Gsbil
605 1623 631 1672 in
650 1623 865 1675 viePraeuestina
905 1627 957 1670 tam
978 1621 1150 1682 altitudinem,
1168 1623 1211 1688 qui
1235 1629 1326 1673 cetere
1344 1622 1436 1674 domur

331 1698 406 1759 urbs,
422 1699 541 1748 lstomiss
551 1699 732 1764 essetquibus
742 1715 793 1749 non
805 1701 863 1752 elim
903 1699 1070 1763 sustinerent,
1098 1697 1281 1766 demerentque
1313 1699 1437 1764 aduersus

318 1775 626 1827 munitioresttomssts!
654 1779 698 1827 ns
719 1778 758 1826 his
777 1778 863 1828 siuilli-
903 1775 998 1839 iguem.

317 1852 432 1916 ‘busque
443 1852 572 1915 lapidibus
583 1853 715 1917 imperriis
728 1853 793 1918 igni,
805 1855 864 1904 vide
936 1851 986 1899 Sed
999 1849 1069 1900 forte
1080 1851 1106 1900 id
1118 1865 1167 1901 unu
1186 1852 1293 1916 colliges
1303 1867 1334 1900 ex
1346 1851 1435 1904 verbis

333 1927 481 1976 Vitruvium
490 1927 536 1978 lib.
546 1942 577 1978 ιι.
587 1932 612 1978 t.
629 1929 732 1992 lipsius.
902 1925 999 1990 Taciti,
1010 1927 1053 1992 qui
1066 1934 1166 1978 tentum
1177 1926 1293 1978 inferiori
1310 1931 1377 1993 perti
1387 1929 1436 1980 do·

364 2004 508 2056 mutandis
521 2022 581 2056 cum
589 2022 651 2057 mo
662 2023 678 2056 ρ
689 2006 800 2057 immite
810 2007 862 2058 ορ.
903 2015 958 2051 murs
975 2002 1131 2054 soliditatem
1143 2004 1250 2054 estruit:
1269 2019 1315 2054 nee
1334 2005 1436 2056 omisis·

330 2081 399 2132 lsinis
406 2081 522 2145 lepidem
538 2082 671 2146 Sabinum,
687 2090 715 2133 et
726 2095 863 2148 perperam
902 2087 942 2128 set
953 2080 986 2130 de
999 2079 1096 2130 fornice
1108 2095 1153 2130 seu
1165 2081 1304 2144 testudine,
1315 2082 1436 2145 sijussls·

315 2181 320 2194 ν
330 2159 400 2224 epod
411 2159 541 2210 Isidorum
557 2161 626 2209 hune
641 2161 667 2209 in
677 2159 741 2210 illud
751 2175 862 2210 eommu-
902 2163 943 2205 set
955 2157 1052 2205 Caessr.

330 2242 381 2286 tet.
415 2235 493 2299 Lapis
508 2235 862 2299 Sabinusesilieumgeuere
935 2231 1003 2280 Nem
1025 2232 1174 2282 uuiversum
1190 2231 1304 2282 edietum
1322 2232 1435 2283 Neronis

314 2309 391 2372 ¹l'uit,
408 2319 434 2358 et
447 2317 590 2375 propterea
599 2326 650 2362 uou
662 2311 701 2360 sic
712 2318 788 2374 optus
802 2312 862 2362 aedi-
902 2307 976 2357 nobis
997 2307 1052 2358 sere
1070 2308 1104 2358 ed
1122 2309 1227 2358 verbum
1246 2309 1376 2372 expressit
1383 2309 1434 2359 Τι-

329 2385 405 2438 fiolis.
438 2387 515 2436 Clere
538 2387 638 2436 Plinius
665 2393 863 2439 xxxvr.18.e
903 2383 971 2434 citus
991 2384 1040 2436 hoc
1058 2387 1126 2449 loeo,
1143 2391 1170 2435 et
1189 2385 1291 2450 prolixe
1311 2391 1393 2447 certe,
1411 2383 1436 2436 si

325 2475 381 2525 quo
411 2461 574 2525 transcripsit
599 2461 731 2511 Isidorus:
757 2462 863 2513 ‘Varro
902 2468 1005 2523 spectes
1016 2461 1120 2525 genium
1131 2469 1158 2511 et
1170 2461 1323 2530 pravitatem
1331 2461 1410 2520 illios,

329 2535 863 2596 truditSabinumsilieemluseum,nddito
935 2534 1021 2586 ¹¹dour
1042 2537 1114 2601 opus]
1156 2538 1225 2587 Puto
1257 2536 1296 2586 sie
1320 2536 1435 2602 intelligi

329 2610 593 2662 oleoetlsmlueere.’
618 2611 712 2660 Altera
723 2611 861 2662 verborum
901 2625 991 2673 posse:
1010 2613 1094 2676 Suprs
1114 2613 1255 2675 destiuodnt,
1273 2627 1319 2661 seu
1334 2619 1435 2663 stutue-

330 2686 423 2737 lsidori
434 2701 495 2750 pers
506 2686 539 2735 de
550 2685 638 2749 lepide
656 2685 733 2734 viridi
743 2685 834 2736 itidem
845 2704 860 2739 e
901 2685 955 2747 bat,
965 2692 1036 2751 sitque
1045 2702 1123 2749 sones,
1133 2692 1181 2737 dre.
1206 2688 1299 2752 Etjsm
1309 2702 1360 2752 quo
1372 2704 1433 2752 rpus

328 2761 416 2813 Plinio
427 2763 502 2824 est,l.
514 2762 540 2811 d.
552 2778 575 2812 e.
587 2766 627 2812 22.
646 2761 778 2811 Reisesius.
899 2763 997 2825 largior,
1014 2763 1039 2811 iu
1061 2761 1191 2826 publicum
1210 2761 1314 2825 flueret,
1327 2764 1435 2812 custodes

362 2837 467 2904 Guiiso]
483 2839 572 2903 Gobii,
583 2838 644 2888 urbs
654 2839 805 2889 Latinorum
815 2854 859 2903 po·
899 2839 930 2900 ei,
941 2837 1033 2904 supple
1045 2837 1186 2889 destinebat.

314 2915 464 2982 puleium:
477 2914 860 2976 hodiel'OsierindelFreocelio,
932 2915 966 2963 Et
985 2929 1036 2978 quo
1046 2913 1151 2963 subsidia
1166 2913 1322 2977 reprimendis
1337 2911 1433 2974 igetius

316 2989 467 3058 ,nospitium
478 2990 627 3054 Cempsuiae
639 2991 762 3039 Romnum
772 3005 866 3040 versus·
899 2988 925 3038 ιἰι
943 2989 1067 3054 propatulo
1084 2991 1181 3054 quispim
1201 2988 1306 3053 luberet,
1320 2989 1363 3038 ille
1378 2989 1431 3038 des·

327 3081 415 3118 omnes
444 3067 559 3118 Teoernse
592 3073 618 3116 et
644 3067 702 3126 Osa,
729 3066 755 3114 in
782 3067 858 3116 Statu
898 3065 1004 3132 diesim,
1028 3080 1071 3115 seu
1093 3065 1235 3126 statuebat,
1263 3079 1291 3114 ne
1319 3063 1431 3115 aedificie

313 3141 514 3208 ¹Ecclesiastico
525 3160 532 3192 ι
545 3159 577 3193 ex
589 3142 719 3193 Cluserio.
736 3143 859 3192 Tillemon.
898 3140 1055 3190 commuuione
1066 3143 1193 3206 parietum,
1203 3141 1245 3189 sed
1254 3140 1357 3203 propriis
1366 3153 1431 3204 (μια-

360 3219 565 3307 turtunensis]
580 3221 694 3268 Vertuut
696 3219 786 3283 ,qussi
798 3233 859 3268 con·
898 3232 942 3279 que
961 3217 1036 3266 muris
1053 3215 1207 3266 molirentur.
1241 3217 1281 3266 Ex
1294 3217 1431 3286 superiori·

309 3295 462 3360 «semermi,
482 3309 528 3344 seu
551 3295 578 3344 io
598 3293 722 3345 fornicem
749 3295 858 3345 testudi-
898 3291 947 3342 bus
957 3293 1099 3358 repetendo
1112 3293 1199 3355 verbs
1214 3307 1270 3356 que
1282 3291 1430 3341 necessarie

325 3383 439 3434 nemque
455 3369 552 3420 exstrui
567 3370 657 3419 domus
676 3369 803 3419 deberent
818 3385 858 3418 us·
898 3378 967 3430 suut,
985 3370 1018 3418 ud
1046 3369 1253 3420 connectendum
1277 3369 1447 3456 continuam.

327 3443 423 3507 qnesd
439 3445 505 3496 hene
523 3451 621 3496 certem
633 3446 812 3497 altitudinem:
830 3445 857 3495 id
898 3443 1008 3510 dumque
1019 3461 1130 3496 sensum

326 3523 401 3568 eerte
418 3519 543 3584 sielonge
561 3522 640 3571 tutius
652 3520 722 3572 toret
732 3521 857 3572 adversus
929 3519 937 3554 ¹
953 3521 1107 3571 Prieniorum
1122 3519 1230 3584 licentio]
1249 3521 1337 3570 Livius
1347 3533 1428 3571 xxxi.

326 3591 400 3656 ignes
412 3602 439 3644 et
447 3593 576 3646 rucendre.
897 3593 1018 3662 ‘Aquam
1033 3597 1159 3660 publicum
1178 3611 1279 3647 omnem
1298 3597 1324 3646 iu
1343 3599 1428 3662 priss-

358 3667 463 3734 Quippe
475 3669 542 3720 infru
559 3670 685 3721 ioruireru
697 3671 809 3735 pistores
828 3678 856 3722 et
897 3677 951 3721 tum
973 3671 1110 3722 edificium
1128 3685 1173 3722 ιιιιι
1192 3687 1281 3736 ugrum
1303 3669 1428 3723 dueentem

308 3798 314 3806 ,
326 3742 383 3795 coci
400 3758 449 3793 sus
459 3759 583 3795 exercere
601 3743 686 3796 officis
697 3754 753 3796 tuto
765 3755 857 3811 potue·
896 3748 1047 3799 ademerunt
1058 3749 1074 3798 ι’
1095 3764 1196 3813 nernpe,
1204 3749 1338 3800 Censores.
1364 3749 1394 3800 L.
1406 3762 1427 3801 1.

326 3824 405 3880 tunt3
428 3825 457 3867 et
466 3819 574 3870 Tacitus
591 3820 656 3871 dicit
673 3821 724 3870 eise
740 3821 856 3884 trabibus,
895 3824 945 3888 §L
962 3825 995 3874 D.
1017 3825 1057 3874 Ne
1074 3825 1134 3890 quid
1156 3825 1182 3874 iu
1201 3825 1240 3874 Fl.
1261 3824 1427 3890 ‘Plerosque

325 3892 364 3943 its
375 3895 496 3944 utnullus
506 3895 568 3959 ligni
579 3912 640 3946 usus
650 3903 720 3946 esset
728 3897 753 3946 iu
762 3897 808 3947 ills
817 3897 855 3948 in·
895 3899 948 3949 scio
958 3915 1060 3964 prorsus
1071 3897 1176 3966 flumine
1187 3899 1318 3966 evertisse,
1330 3901 1428 3948 alveos-

325 3967 413 4020 l'eriori
425 3976 500 4033 perte
512 3971 652 4021 domorum.
896 3989 945 4040 que
964 3982 1086 4038 mutasse,
1106 3975 1165 4024 dum
1183 3973 1288 4038 proediis
1302 3975 1354 4024 sois
1366 3989 1427 4024 eon-

358 4044 482 4096 Attemen
502 4044 854 4113 fortepotuemnterigido·
895 4051 999 4101 suisne!
1043 4049 1120 4102 Adde
1144 4048 1259 4100 Plinium
1290 4061 1366 4100 xxrr.
1382 4047 1425 4101 ld.

325 4137 391 4187 mus,
408 4121 564 4188 solidarique
582 4137 656 4173 muro
671 4138 760 4183 saxeo,
772 4139 853 4190 usque
894 4125 1059 4178 Martialem
1075 4131 1114 4178 19.
1126 4125 1143 4177 l.
1155 4139 1188 4175 ιι.
1199 4125 1235 4177 D.
1249 4125 1282 4176 de
1292 4123 1424 4174 extreord

325 4197 358 4248 ed
369 4204 467 4249 certem
476 4214 517 4249 sm
526 4205 636 4262 portem
667 4199 772 4248 Derode
783 4207 853 4250 cete
893 4202 966 4252 erim.
982 4203 1068 4253 Aurei.

325 4286 381 4322 rse
396 4273 467 4339 liguo
483 4272 606 4326 condei'
587 4288 641 4324 stne
654 4272 832 4324 ulleiorniee'
825 4289 852 4324 ιιι
924 4277 1194 4341 Prsmteremlie'estin]
1218 4275 1299 4344 Apud
1311 4281 1424 4341 veteres,
