3192 4909
338 425 424 506 alle
688 433 702 448 ”
754 440 859 492 mors·
875 439 1044 491 arrosus
1070 427 1075 436 '

344 587 440 652 istius
453 585 570 652 sarium
585 582 709 670 plnres,
723 582 803 649 laeto
825 581 1028 668 spectaem,
1041 580 1078 644 in
1093 567 1453 664 vinculir‘perur'bem

337 683 442 755 'tracti
457 693 544 766 sunt,
559 687 756 772 publiceque
769 686 895 764 necati,
910 684 1008 767 quasi
1019 682 1183 747 Neronem
1196 683 1352 766 nequitiae
1364 700 1455 766 pes·

346 783 432 855 sima
444 790 687 870 instrumenta3'
702 778 781 854 dunt
804 789 916 854 e‘omm
938 786 1096 870 princeps
1115 784 1313 867 ligonibus,
1325 784 1454 849 foedis-

336 892 434 956 'sima
455 892 652 974 impunitate
669 910 728 974 per
743 889 886 956 Galbam
901 906 1073 965 concessa,
1088 887 1180 968 leges
1204 885 1357 951 eluderet.
1378 885 1455 951 -Et

345 1003 537 1078 quanquam
552 993 586 1056 in
601 992 733 1056 theatris
747 990 955 1074 publicisque
970 987 1195 1062 conventibus,
1217 988 1362 1052 universi
1381 1004 1453 1072 po-

345 1093 419 1189 puli
432 1113 517 1159 voce
531 1097 541 1128 ‘
556 1091 600 1156 ad
614 1090 739 1155 necem'
754 1090 994 1174 deposceretur,
1009 1089 1129 1171 ‘qnasi
1145 1087 1224 1152 Diis
1244 1088 1370 1152 lautius
1391 1107 1452 1153 sa·

347 1211 441 1260 erum
454 1193 525 1257 fleri
539 1211 606 1255 non
619 1195 746 1274 posset,
758 1206 858 1274 quam
872 1189 903 1252 si
917 1189 974 1253 ille
981 1188 1086 1252 veluti
1099 1189 1283 1272 piacularis
1295 1191 1451 1269 rmtima,

348 1295 428 1363 odio
442 1293 658 1375 civiumque
672 1290 858 1376 justissime
871 1289 1057 1365 laborabat,
1071 1290 1293 1353 immolaretur
1303 1291 1323 1369 ;'
1336 1298 1451 1356 mmen

348 1395 471 1479 opibus
484 1398 516 1457 et
528 1392 674 1476 pecunia
687 1391 865 1476 praevaluit
878 1389 967 1472 apud
981 1390 1131 1468 Vinium,
1146 1390 1333 1475 Viniusque
1355 1393 1452 1475 apud

346 1495 506 1572 Galbam,
529 1499 567 1558 ut
586 1509 654 1557 non
677 1493 911 1575 indignissima
924 1491 1025 1554 modo
1038 1491 1240 1570 defensioue,
1255 1492 1314 1556 sed
1326 1499 1360 1557 et
1372 1494 1451 1557 vin-
1540 1474 1541 1487 ¹

349 1595 474 1662 dictam
500 1596 648 1661 Deorum
674 1591 909 1675 hominumque
929 1586 1151 1670 frustraretur,
1172 1594 1281 1658 edicto
1302 1594 1452 1677 populus

319 1689 324 1697 ”
349 1699 490 1764 saevitiae
503 1698 723 1779 increparetur
738 1711 758 1758 a
771 1696 941 1779 principe:
964 1691 1212 1777 affirmabatque
1226 1694 1351 1773 Galba,
1363 1699 1452 1761 intra

350 1815 482 1881 paucos
511 1797 594 1875 dies,
618 1799 696 1861 tabe
720 1802 869 1860 enectum
897 1797 937 1860 iri
964 1792 1184 1877 Tigellinum
1207 1798 1325 1880 sicque
1345 1797 1450 1863 modo

352 1897 515 1964 crudelior
528 1897 595 1975 ille,
609 1897 710 1960 modo
724 1897 904 1974 remissior,
918 1915 983 1959 uon
997 1899 1070 1959 sine
1084 1896 1244 1961 dedecore
1259 1899 1399 1980 imperii,
1414 1899 1451 1964 e't

349 2019 391 2066 ea
405 2004 503 2065 aare
516 1993 850 2083 provecti'priucipis.
894 1997 1076 2079 Tigellinus
1099 1998 1248 2062 redemta
1261 2000 1367 2063 salute
1388 1999 1452 2063 lae·

352 2099 419 2180 tus,
434 2107 606 2166 sumtuose
624 2102 724 2185 epulo
741 2097 865 2163 Soter-ia
879 2120 940 2163 sua
953 2100 1149 2180 celebravit3
1172 2099 1359 2183 Viniusque
1372 2118 1454 2165 con-

339 2221 487 2284 ·snrgens
503 2201 654 2266 aGalbae
669 2221 777 2278 coena,
792 2201 869 2265 huic
884 2201 1040 2266 convivio
1050 2201 1197 2264 interfuit
1210 2221 1285 2265 cnm
1292 2201 1452 2284 Crispina

351 2303 434 2382 iilia,
449 2306 504 2368 cui
518 2324 579 2387 per
591 2306 722 2373 honoris
743 2304 891 2386 speciem
903 2302 1090 2384 Tigellinus
1104 2302 1196 2366 dedit
1208 2301 1318 2366 decies
1333 2312 1451 2369 sester-

231 2451 234 2456 -
344 2401 456 2482 ·tium,¹
471 2424 546 2470 cnm
568 2407 706 2488 gemmis
721 2409 753 2468 et
772 2403 932 2487 quicquid
945 2405 981 2466 iu
992 2417 1096 2467 'aureo
1111 2403 1191 2467 colli
1206 2409 1321 2467 ornatu
1334 2405 1454 2473 habuit

353 2506 606 2568 concubinarum
628 2507 754 2583 intima,
770 2513 840 2570 tum
855 2523 984 2586 quoque
997 2505 1032 2567 in
1045 2513 1160 2567 mensa
1180 2525 1343 2588 praesens,
1360 2509 1451 2571 aesti-

342 2609 476 2668 matum
490 2606 655 2668 sexcentis
665 2606 809 2668 millibus
825 2606 1042 2668 sestertium.lm
1085 2604 1176 2682 Quin
1190 2610 1223 2669 et
1234 2605 1394 2671 Halotum
1406 2629 1452 2672 ex

353 2703 509 2770 omnibus
537 2703 682 2770 Neronis
715 2705 897 2768 emissariis
925 2705 1262 2771 maleficentissimnm
1288 2712 1453 2791 'praestitit

344 2806 551 2870 incolumem
566 2799 689 2883 Galba,
702 2812 735 2870 et
748 2806 978 2888 procuratione
990 2808 1125 2890 insuper
1138 2810 1344 2892 amplissima
1353 2831 1453 2875 orna·

353 2908 413 2972 vit.
456 2906 480 2972 J
482 2927 535 2970 am
549 2927 628 2971 vero
642 2907 815 2970 ordinibus
826 2927 932 2990 prope
944 2909 1106 2973 universis
1121 2929 1196 2973 eum
1221 2912 1363 2974 invisum
1374 2912 1450 2975 red-

353 3009 439 3073 didit
461 3011 602 3073 avaritia
624 3027 664 3072 ac
691 3009 816 3085 sordes,
834 3009 951 3071 vitium
974 3008 1136 3072 familiare
1159 3000 1304 3088 senibus,
1327 3012 1386 3075 sed
1415 3015 1451 3077 in

353 3109 503 3194 principe
517 3123 656 3172 exosum
672 3123 771 3192 qnam
787 3111 945 3187 maxime,
960 3101 1056 3174 et‘in'
1069 3129 1158 3174 novo
1171 3126 1303 3193 quoque
1323 3115 1450 3195 pericu-

353 3209 476 3274 losum.
522 3209 695 3274 Choraulee
710 3211 792 3274 mire
806 3210 965 3292 placenti,
980 3210 1129 3274 denarios
1140 3214 1295 3294 quinque·
1305 3205 1450 3294 donarit,

353 3312 505 3396 prolatos
529 3311 629 3374 mauu
654 3301 716 3374 s'ua
736 3331 754 3374 e
777 3310 1002 3392 peculiaribus
1015 3311 1229 3377 loculis'suis.
1274 3312 1448 3382 Ordinatio

353 3410 574 3493 dispensatori
593 3412 790 3475 breviarium
810 3411 974 3473 rationum
1000 3411 1155 3489 offerenti,
1168 3415 1382 3496 paropsidem
1403 3419 1450 3482 le·

354 3509 497 3591 geminis
511 3532 572 3594 pro
586 3512 761 3578 sedulitate
776 3529 818 3574 ac
833 3511 1005 3592 diligentia
1018 3515 1178 3595 porrexit
1222 3516 1289 3578 Sed
1304 3519 1448 3599 inprimis

353 3612 579 3695 praecipitavit
599 3633 651 3676 res
673 3614 746 3697 ejus
768 3614 902 3676 saevitia
924 3614 958 3675 in
973 3614 1104 3690 militae,
1120 3616 1244 3697 quibus
1260 3637 1336 3680 cum
1352 3618 1448 3684 dona·

354 3709 457 3773 tivum
481 3713 578 3774 solito
593 3714 751 3794 grandius
766 3714 916 3796 praefecti
940 3716 1083 3798 praetorii
1106 3720 1383 3797 pronuntiassent,
1403 3731 1448 3788 at-

344 3830 423 3894 .qne
436 3812 490 3875 illi·
498 3817 645 3895 peterent
659 3815 788 3891 saltem,
809 3816 896 3878 iutra
911 3821 1103 3877 consuetum
1119 3817 1284 3897 prioribus
1296 3823 1447 3907 principi-

355 3913 421 3979 bus
432 3914 580 3992 modum,
595 3933 731 3998 prorsus
746 3916 871 3993 abnuit,
888 3915 1091 3998 addiditque,
1107 3921 1117 3950 ‘
1131 3915 1196 3999 legi
1216 3938 1238 3982 a
1251 3939 1289 3983 se
1302 3911 1446 4004 militem,

853 4095 961 4164 noun

370 4253 373 4260 ·
394 4235 649 4296 immersisti.
870 4226 877 4240 ’
946 4241 1070 4291 116000.
1087 4229 1217 4294 Coronati.
