3192 4909
333 423 421 492 2132
695 443 794 494 noas
817 442 987 496 nnaonrs

332 591 408 658 sitis
427 593 502 654 ante
526 605 572 652 se·
586 587 814 656 damnatorum
838 591 1090 676 occisorumque
1111 612 1132 657 a
1155 591 1297 658 Nerone
1322 597 1434 678 quum-

255 747 259 757 .
331 689 483 777 plurimis
495 689 704 772 imaginibus,
724 696 757 755 et
778 693 908 754 astante
927 691 1031 755 nobili
1045 711 1163 775 puero,
1188 713 1290 776 quem
1305 692 1433 759 eauba-

331 797 396 857 tem
429 811 474 856 ex
495 793 649 875 proxima
673 791 782 856 insula
804 791 938 856 Baleari
973 791 1017 855 ob
1047 793 1083 856 id
1112 795 1231 878 ipsum
1262 793 1433 874 acciverat,

332 893 550 960 circumfusos
567 893 689 958 milites
712 892 762 958 sic
782 891 948 957 allocutus
972 897 1044 958 est:
1065 892 1286 973 ‘adsumus
1301 897 1430 960 commi·

329 993 463 1073 fitoues,
484 995 590 1060 serris
603 994 784 1060 libertatem
809 994 998 1078 praestituri,
1022 1000 1059 1059 ut
1072 1000 1106 1059 et
1119 997 1179 1060 alii
1203 1013 1268 1078 per
1285 1013 1349 1058 uos
1367 1001 1430 1060 taur

329 1097 453 1179 ingenti
466 1095 605 1162 bneficio
619 1094 794 1178 gaudeant,
810 1095 899 1179 quod
911 1095 1010 1160 nobis
1023 1097 1186 1161 hactenus
1201 1098 1264 1160 vix
1277 1097 1428 1178 integrum

329 1198 405 1275 init,
416 1197 537 1281 quibus
551 1201 660 1260 tamen
673 1202 789 1261 natura
802 1202 835 1261 et
847 1197 980 1262 fortuma
991 1197 1074 1261 illud
1088 1197 1246 1262 indulsit.
1276 1195 1331 1260 Ex
1346 1197 1427 1279 prio·

329 1301 376 1365 ris
389 1300 469 1364 vitre
489 1299 638 1363 instituto
652 1297 752 1363 facile
768 1305 907 1376 constat,
923 1319 976 1363 me
990 1299 1081 1363 nulla
1094 1299 1282 1362 ambitione
1296 1298 1377 1361 bald
1388 1297 1427 1360 ad

328 1420 406 1484 spes
427 1419 544 1479 noras,
555 1399 704 1484 adeoque
718 1405 855 1466 testatur
867 1401 948 1464 mibi
971 1401 1116 1478 animm,
1129 1419 1193 1462 uec
1208 1411 1272 1482 per
1285 1399 1426 1480 maligui·

328 1505 430 1566 tatem
444 1499 525 1584 quid
535 1507 670 1578 tenmre,
685 1506 718 1565 et
732 1501 867 1583 privata
887 1503 989 1566 etiam
1010 1503 1140 1565 civium
1154 1500 1261 1564 saluti
1275 1519 1327 1563 me
1340 1504 1426 1581 post·

324 1599 458 1670 babere.
503 1601 603 1666 Dolet
624 1601 764 1685 exprimi
787 1601 849 1664 has
870 1619 983 1678 voces,
1005 1600 1066 1664 sed
1087 1601 1191 1664 celari
1205 1604 1341 1681 negant,
1354 1617 1422 1680 que

326 1703 361 1768 iu
376 1704 521 1768 omnium
532 1702 640 1767 oculis
654 1707 747 1786 gesta
761 1707 847 1766 sunt.
893 1698 947 1764 An
961 1701 1140 1764 immanius
1160 1719 1316 1782 unquam
1335 1697 1421 1760 habi·

325 1803 460 1870 tumvel
474 1823 538 1866 uuo
550 1821 635 1867 anuo
647 1801 862 1886 mancipium,
885 1819 988 1884 qnam
1008 1820 1071 1866 nos
1097 1800 1354 1885 quatuordecim
1367 1817 1421 1880 per

325 1923 429 1970 annos
443 1904 505 1968 sub
520 1903 677 1967 Nerouel
723 1899 801 1980 Quo
822 1920 938 1984 genere
951 1901 1062 1965 tributi
1074 1919 1140 1965 non
1151 1901 1314 1965 exhausit
1324 1897 1417 1963 ltera-

323 2005 404 2090 pub.
422 2010 460 2069 ut
471 2004 716 2069 extorsionibus
733 2021 791 2086 per
805 2001 914 2065 scelus
935 2001 1071 2084 proiirea
1090 2021 1131 2066 ac
1143 2001 1280 2084 perdita
1292 1999 1417 2082 supple-

321 2107 399 2171 retl
452 2103 532 2184 Qua
560 2104 720 2171 abstinuit
747 2103 962 2169 crudelitatel
1000 2102 1110 2166 Nobis
1124 2100 1413 2174 dissimulantibus,

321 2206 612 2289 ipsaelamitarent
625 2225 723 2269 saxa.
765 2201 903 2269 Veneno
917 2206 1087 2284 grassatus
1100 2207 1152 2267 est
1172 2202 1210 2267 in
1231 2201 1336 2286 patris
1353 2199 1413 2264 na-

320 2306 442 2390 trisqne
456 2325 581 2370 necem.
637 2303 730 2370 Nihil
744 2303 984 2369 iu'divexauda
996 2309 1102 2368 matre
1111 2305 1208 2388 pensi
1220 2301 1347 2378 habuit,
1360 2299 1412 2363 do·

318 2425 379 2474 noc
400 2406 527 2472 incesto
540 2407 702 2489 pollutam
712 2407 887 2471 occideret.
932 2403 1092 2483 Uxorem,
1112 2409 1361 2489 preceptorem,
1380 2403 1412 2462 ct

319 2523 546 2589 quoscumque
570 2505 691 2570 uirtute
719 2507 921 2587 conspicuos
948 2507 983 2569 in
1006 2511 1130 2583 senatu,
1144 2504 1282 2582 Romae,
1305 2504 1360 2565 aut
1377 2499 1409 2562 iu

317 2607 498 2690 provinciis
511 2606 621 2684 sciret,
635 2605 723 2669 nullo
738 2623 841 2669 sexus
862 2609 921 2668 aut
933 2606 1045 2670 artatis
1059 2604 1261 2681 discrimine,
1276 2599 1406 2666 emedio

318 2707 463 2771 sustulit.
506 2705 599 2784 Quid
617 2706 722 2771 auxia
741 2706 889 2790 suspiria
910 2712 944 2771 et
956 2706 1142 2790 lachrymas
1160 2719 1339 2770 memorem
1362 2704 1406 2764 tot

314 2806 486 2883 nobilium,
501 2825 639 2889 quonum
653 2807 710 2870 ille
731 2811 843 2890 patres
859 2806 1028 2884 interemit,
1042 2813 1093 2871 tot
1110 2823 1266 2884 uxorum,
1277 2815 1403 2887 quarm

315 2905 463 2984 maritos,
478 2907 658 2988 insignium
677 2908 833 2983 virorum,
852 2924 940 2988 quos
954 2904 990 2970 in
1009 2905 1148 2972 exilium
1172 2905 1295 2989 ejecitl
1315 2895 1402 2985 quael

313 3005 393 3070 satis
416 3007 449 3070 iu
477 3005 737 3070 crudelissimum
760 3005 951 3089 Principem
965 3006 1146 3072 vindictam
1166 3001 1397 3071 festinantibus·

315 3103 531 3188 Principemt
567 3107 668 3170 immo
698 3105 950 3184 incendiarium,
972 3111 1150 3184 cantorem,
1175 3099 1396 3172 cinereum,

312 3203 517 3283 histrionem,
540 3205 790 3289 quadrigarium,
806 3225 1008 3290 praeconem,
1028 3207 1131 3270 immo
1143 3225 1186 3270 ne
1208 3209 1315 3272 virum
1331 3197 1395 3280 qui·

312 3305 398 3385 dem,
407 3309 464 3391 qui
478 3307 563 3386 viro,
578 3313 611 3372 et
624 3308 680 3372 cui
690 3308 740 3371 vir
753 3307 919 3389 denupsit.
964 3305 1152 3371 Monstrum
1162 3311 1197 3370 et
1208 3299 1394 3390 propudium

311 3409 437 3488 generis
451 3406 601 3471 humani!
635 3406 724 3471 Puto
744 3407 844 3471 vobis
863 3425 909 3471 ex
930 3406 1020 3470 sama
1043 3407 1228 3470 innotuisse
1253 3396 1391 3470 vindicis

311 3509 345 3572 iu
358 3505 473 3571 Gellia
482 3507 678 3572 molitiones.
723 3505 782 3571 Me
797 3507 888 3590 quod
899 3507 1027 3584 attinet,
1041 3506 1185 3572 indoleo.
1224 3499 1392 3573 Priorrits

311 3606 356 3670 ab
378 3608 466 3670 omui
486 3608 637 3691 sejuncta
657 3609 848 3686 ambitione,
871 3609 1045 3692 ceptandIs
1065 3607 1279 3690 dignitatibus
1298 3597 1388 3668 absti-

308 3705 397 3785 nuit;
420 3714 451 3770 et
474 3714 632 3789 quantum
654 3707 734 3772 mihi
754 3709 914 3791 temporis
938 3714 1102 3792 superest,
1126 3711 1240 3776 malim
1261 3698 1386 3793 placide

308 3812 471 3889 extraque
486 3807 598 3870 turbas
619 3807 763 3889 transigi.
808 3808 877 3872 Sed
899 3827 987 3886 eum,
1009 3811 1127 3873 nescio
1149 3830 1217 3893 quo
1233 3810 1311 3884 ato,
1332 3811 1384 3864 Μ

306 3907 409 3976 decus
434 3926 492 3971 seu
512 3925 628 3970 munus
642 3906 730 3989 quod
744 3925 910 3991 uunquam
922 3909 1037 3991 optavi
1034 3909 1192 3994 juvenis,
1205 3909 1318 3974 udum
1328 3901 1383 3964 bw

305 4007 546 4090 ingravescenti
569 4013 677 4084 aium,
691 4009 833 4072 aliorum
854 4007 935 4072 mibi
955 4015 1035 4074 rota
1056 4010 1235 4092 imponant,
1250 3998 1382 4074 counit·

304 4109 371 4172 tere
386 4125 453 4171 nou
466 4107 583 4184 debeo,
599 4109 630 4170 si
645 4127 707 4173 vos
728 4107 835 4171 babeo
847 4108 1076 4185 umentes,
1089 4114 1128 4173 nt
1139 4110 1281 4193 publicar
1294 4095 1381 4170 saluti

305 4223 371 4272 nou
382 4207 589 4292 impendatur
601 4207 736 4274 ultimus
750 4207 890 4292 spiritus
898 4207 964 4288 bic,
979 4227 1048 4293 qno
1061 4207 1165 4276 senile
1184 4225 1302 4296 eorpus
1318 4197 1378 4267 aui·
