3192 4909
516 425 568 474 so
593 421 728 473 aranos
751 419 972 470 auuaarurr.
1214 401 1303 468 2125

174 563 294 618 frutra
310 564 417 630 corrigit
437 566 479 616 liic
503 563 616 628 Lipsius,
636 563 730 628 perdito
768 563 831 615 astz'
847 577 925 628 quarn
944 560 981 612 sic
998 559 1162 626 distinguite
1181 560 1301 612 Doaritiu

175 642 259 704 prins
286 643 395 692 Domitia
416 643 513 705 lapido.
558 641 623 690 Nam
643 640 730 689 statius
768 641 852 692 erarn
880 640 961 690 etiarn
996 639 1129 689 Domitium
1155 639 1300 701 de=ignavit

178 716 279 767 innuit
290 718 406 777 Tacitus,
418 732 493 780 quam
512 715 645 766 Domitiam
655 714 731 763 intel·
769 717 840 765 clare
852 727 877 762 er
888 716 1015 776 distinxit,
1026 724 1055 763 ut
1067 714 1176 768 diximus
1187 708 1249 764 uei.
1260 719 1303 766 tt.

180 795 270 859 liget,
291 794 513 857 cumanumque
534 793 623 856 tepida
646 793 732 852 majora
768 793 931 855 ‘Juurutque
951 792 1092 855 parricidio
1109 794 1197 840 rustris
1216 793 1302 842 arsita

182 871 306 922 sumta
318 871 411 932 genitu,
429 874 469 934 lfa.
503 871 546 920 Sic
568 871 616 932 lcg.
637 869 679 933 qui
697 869 732 917 lo·
769 867 1303 934 (Domitiascri.)uccrm,quamrumex

184 964 238 1000 cua
250 951 338 998 'l'aciti
355 950 476 998 convenit
496 963 555 998 curu
574 950 647 996 stret.
670 949 732 996 Ner.
771 943 866 991 duritia
886 944 1089 993 alvicubauteur
1108 945 1235 1002 variarat,
1252 947 1303 994 tre.
1395 979 1402 990 .

184 1029 214 1073 7.
234 1025 303 1074 licet
324 1023 394 1072 forte
424 1023 544 1074 differant
565 1030 685 1072 auctores
707 1023 732 1070 in
771 1021 950 1085 praecepitque
960 1019 1076 1079 medicis,
1089 1029 1115 1069 ut
1137 1022 1233 1082 largius
1246 1035 1304 1083 pur·

186 1099 401 1148 circumstantiis
429 1109 456 1148 et
475 1100 566 1154 causis,
587 1114 633 1147 cur
652 1101 732 1148 inter·
771 1107 865 1168 garept
888 1096 1001 1157 egram:
1022 1104 1071 1145 nc.
1097 1110 1178 1160 quare
1199 1103 1226 1144 et
1250 1095 1304 1144 Dio

186 1173 434 1237 fectssitLepida.
468 1175 732 1224 SicautemSnetuo.
772 1175 862 1222 rcribu
887 1189 943 1222 eam
967 1188 1065 1223 verrano
1092 1181 1227 1231 necatam
1257 1172 1304 1222 sed

184 1249 330 1300 ιΑιιιίιειιιι
349 1251 427 1300 etiam
451 1251 572 1314 Lepidam
593 1266 664 1300 ream
683 1257 733 1300 tes·
771 1250 832 1298 silet
851 1250 884 1296 de
903 1250 1012 1299 Domitio
1028 1249 1128 1312 Lepido,
1148 1259 1177 1298 ut
1198 1249 1306 1298 Tacitus

188 1325 307 1374 timonio
321 1340 407 1374 coram
429 1325 521 1374 afflixit
536 1326 635 1390 (Nero)
656 1326 735 1388 grati·
772 1326 832 1372 silet
844 1325 877 1374 de
893 1326 1002 1374 Domitio
1013 1326 1049 1373 sic
1062 1332 1177 1385 purgata.
1215 1323 1306 1388 ltaque

189 1399 281 1449 ficana
300 1401 412 1461 ruatri,a
429 1417 479 1465 qua
496 1415 540 1449 rea
549 1401 734 1464 preruelratur,'
772 1401 922 1460 Suetonius,
937 1416 996 1449 curn
1018 1401 1148 1451 Domitiam
1172 1399 1305 1462 iutelligit,

189 1479 248 1524 tec.
291 1477 326 1524 Et
347 1484 408 1524 tuuc
433 1491 496 1524 mora
517 1476 608 1525 iruir'rto
628 1475 734 1539 Lepida
772 1477 937 1525 omituaeam
958 1477 1112 1539 simpliciter
1131 1485 1215 1534 vocat,
1237 1474 1304 1524 forte

193 1564 231 1598 ex
245 1549 352 1608 Tacito,
364 1552 440 1598 siusul
463 1559 492 1601 et
510 1553 582 1600 illata
603 1552 670 1600 haud
688 1552 734 1600 du·
773 1553 834 1614 quia
851 1559 914 1600 uatu
932 1552 1030 1614 majnr;
1053 1566 1111 1599 cum
1122 1553 1305 1611 alteramenta

193 1625 242 1675 bie
262 1627 420 1675 auctoritate
433 1634 459 1674 et
477 1627 550 1689 jussu
572 1626 735 1690 Agrippinae,
773 1628 980 1676 dimicantium
1001 1627 1116 1690 Lepidam
1133 1627 1260 1689 appellat,
1278 1632 1307 1674 et

195 1701 318 1764 qumrvis
337 1703 438 1749 »notrum
456 1705 596 1750 odrersuste
614 1704 735 1752 Nursina.
773 1705 811 1752 sic
822 1705 967 1766 distinguit.

194 1778 236 1827 Et
248 1786 322 1826 certe
344 1778 491 1838 Suetonius,
510 1785 644 1842 postquam
658 1780 735 1831 tradi-
807 1780 866 1828 Lib.
879 1793 926 1829 xv.
938 1784 979 1828 65.
996 1777 1137 1826 destitutos
1150 1777 1232 1837 Nero,
1247 1791 1306 1826 cum

196 1854 242 1904 dit
264 1854 390 1916 Lepidam
415 1852 492 1904 finisse
515 1855 559 1902 tali
586 1855 736 1904 testimonio
775 1853 1308 1918 pernoctaretiulrortisSerriticsir,testa

196 1931 316 1979 Neronis
338 1929 469 1991 afflictam,
481 1933 538 1995 Jaru
558 1947 609 1980 nou
625 1933 735 1994 aruplius
772 1931 906 1993 Suetonio,
915 1944 967 1978 uou
984 1938 1069 1980 autem
1080 1928 1106 1980 iu
1123 1927 1309 1981 iustissumo

198 2003 328 2068 Lepidam
347 2015 482 2064 memorat,
500 2009 545 2055 sed
559 2015 659 2055 tautum
677 2009 736 2056 ami·
775 2009 860 2057 tisuia.

196 2081 531 2145 tumsimpliciter‚nerupe
553 2082 736 2144 Domitianum
808 2083 977 2132 Lib.1v.ll.
1007 2082 1146 2142 Verginiam
1157 2081 1307 2142 Rasum...

199 2172 227 2204 v.
241 2172 267 2219 g.
279 2171 337 2204 curu
349 2171 405 2204 eam
419 2173 507 2216 tagram
527 2159 618 2220 largius
636 2160 737 2222 purgari
774 2157 878 2222 expulit]
890 2157 1016 2207 Existimo
1025 2158 1092 2204 huuc
1102 2159 1186 2217 ipsum
1198 2157 1308 2206 eundern

200 2245 216 2278 a
230 2231 338 2279 medicis
351 2232 430 2294 jussit
445 2233 525 2292 Ner-o,
536 2241 564 2282 et
575 2235 612 2281 sic
625 2249 681 2282 eaor
695 2248 737 2284 ua·
775 2248 842 2297 esse,
853 2233 896 2298 qui
909 2249 968 2281 ruox
979 2232 1086 2294 praefuit
1094 2234 1234 2296 superioris
1243 2233 1307 2284 Ger·

22 2297 26 2304 ’
100 2353 102 2360 ,
200 2308 285 2368 cavit,
298 2323 330 2356 ex
348 2308 481 2367 Suetonio,
501 2309 590 2356 statim
611 2318 671 2371 post
688 2325 737 2358 cae-
774 2311 865 2360 uraniae
879 2309 1032 2372 legionibus.
1067 2310 1134 2358 Nam
1147 2308 1257 2372 laicipse
1268 2309 1308 2357 di·

202 2385 263 2432 dem
283 2383 383 2432 aratris.
410 2384 453 2432 Sic
466 2392 493 2432 et
513 2384 617 2433 Tacitus
638 2385 738 2448 pariter
771 2395 861 2452 ¹sertus
873 2394 901 2434 ct
918 2384 1044 2434 facundus
1057 2386 1153 2449 passim
1169 2385 1202 2434 ab
1219 2392 1308 2434 aneto·

202 2459 283 2508 etiam
302 2459 438 2522 distinguit
459 2474 561 2509 sorores
582 2459 661 2510 istas:
680 2476 738 2510 uam
776 2462 846 2510 ribus
869 2461 1035 2512 describitur.
1069 2461 1149 2510 Patet
1167 2475 1200 2510 ex
1222 2461 1308 2510 Plinio

203 2543 342 2599 postquam
355 2534 463 2584 tradidit
475 2535 507 2584 de
519 2535 629 2584 Domitio
637 2535 736 2599 Lepido,
769 2537 876 2601 juniore
895 2536 990 2586 secisse
1014 2552 1101 2586 versus
1123 2538 1263 2598 clegantes,
1282 2545 1310 2584 et

203 2615 304 2658 mortem
326 2611 382 2659 scil.
404 2611 429 2658 ei
453 2610 569 2658 iridirtom
594 2625 661 2674 esse,
681 2611 737 2674 jam
775 2614 821 2662 hos
830 2611 917 2672 offert,
934 2613 1063 2677 quosipse
1085 2611 1192 2662 inscribi
1204 2627 1251 2660 suo
1269 2618 1309 2663 tn·

204 2692 298 2748 postea
317 2685 465 2734 nullatenus
493 2686 649 2734 mentionem
675 2687 739 2736 iacit
776 2688 847 2736 mulo
864 2688 958 2751 jussit:
975 2689 1046 2737 ‘Hic
1068 2689 1132 2737 situs
1154 2693 1194 2738 cst
1217 2687 1311 2748 Rufus,

203 2759 321 2811 Domitiae
331 2760 438 2822 Lepide,
456 2758 501 2808 sed
514 2766 615 2809 tantum
625 2761 739 2811 Domitia
776 2764 821 2826 qui
830 2764 903 2826 pulso
910 2761 1019 2810 Vindice
1027 2762 1157 2826 quondam
1168 2762 1310 2824 Imperium

206 2837 371 2900 simpliciter,
390 2843 418 2884 ut
435 2835 504 2886 Αιιιι.
523 2848 586 2884 xrrr.
604 2839 645 2886 2⁰.
662 2844 690 2885 et
702 2851 739 2886 se·
776 2839 898 2899 asserint,
915 2852 965 2886 non
985 2838 1043 2898 sibi,
1059 2839 1105 2886 sed
1118 2837 1225 2901 patria:
1242 2837 1310 2887 Con·

205 2911 354 2978 quentibus.
387 2912 423 2961 Et
449 2913 596 2961 nullatenus
623 2910 739 2961 meminit
777 2919 832 2962 atat
849 2913 928 2962 etiarn
947 2927 980 2962 ex
999 2911 1092 2962 eodem
1110 2911 1195 2962 Plinio
1206 2926 1310 2977 compti·

205 2989 498 3052 murmurmurmur
511 2988 740 3050 eamiabnlsm,ut
777 2990 859 3040 ruisse
879 2988 975 3038 librom
997 2989 1132 3052 grandem,
1154 3003 1199 3038 scu
1215 2990 1310 3040 oratio-

208 3065 377 3128 oompositarn
392 3074 420 3115 et
431 3066 552 3114 traditam
567 3066 593 3114 in
607 3067 697 3130 vulgm
708 3082 740 3116 ex
778 3080 838 3116 nem
857 3065 1059 3128 Panegyricam,
1069 3079 1122 3128 qua
1138 3063 1195 3114 scil.
1213 3065 1310 3128 gratias

208 3139 268 3190 odio
290 3141 317 3188 in
340 3141 483 3202 Neronem,
505 3141 660 3204 neglexerit,
685 3141 739 3191 aire
777 3149 869 3205 ageret
885 3141 996 3202 Trojano
1017 3139 1129 3204 principi
1156 3153 1203 3203 pro
1231 3139 1310 3190 tertio

208 3214 611 3265 sortaamissalraechistoriasit.
646 3217 740 3280 Itaque
777 3218 912 3266 consulatu
935 3216 1041 3279 adepto.
1075 3215 1155 3264 Patet
1176 3215 1254 3264 etiam
1276 3231 1310 3265 ax

209 3293 246 3342 ric
257 3292 395 3354 distinguit
406 3293 451 3340 has
459 3307 558 3340 sorores
567 3292 681 3341 Tacitus.
777 3294 938 3345 Quintiliano
954 3306 1005 3340 uon
1026 3307 1076 3341 uuo
1088 3293 1155 3354 loco,
1172 3290 1310 3354 scripsisse

241 3367 378 3417 Suetonius
398 3367 475 3416 etiam
493 3368 536 3416 tras
553 3367 672 3416 similiter
690 3366 740 3417 ‹lis-
778 3368 855 3416 libros
866 3368 900 3416 de
911 3375 966 3416 arte
979 3367 1126 3417 Rhetorica.
1159 3366 1310 3430 ‘Scripsit,'

210 3443 306 3504 tinguit
320 3444 408 3492 multia
428 3442 486 3492 aliis
505 3444 575 3503 locis,
590 3452 620 3493 ιιι
633 3445 694 3493 Ner.
715 3449 741 3493 5.
778 3443 872 3506 inquit,
887 3443 936 3491 ‘de
948 3442 1038 3490 eadem
1048 3443 1154 3492 materia
1164 3455 1214 3492 aon
1227 3457 1311 3506 pauca

209 3519 343 3567 ‘Notatur
354 3520 388 3568 olr
407 3520 463 3568 hac
476 3519 539 3582 joco
558 3519 668 3582 sororis,’
684 3520 740 3569 scil.
779 3516 1005 3578 Cornificius,’&c.
1022 3519 1159 3567 ‘accurate
1170 3518 1312 3583 veroprio·

212 3593 341 3653 Domitiae,
351 3607 445 3655 nempe
456 3594 525 3657 qrrod
534 3595 682 3655 argentarios
689 3609 741 3656 pre·
779 3607 821 3640 res
832 3593 952 3643 Gallione
969 3593 1060 3642 Celsus
1071 3601 1099 3642 et
1109 3595 1201 3655 laeoaa,
1209 3600 1238 3643 et
1247 3600 1310 3644 aeta·

211 3668 254 3717 tiis
274 3683 353 3716 rerum
379 3668 531 3729 opimiorem,
558 3675 587 3719 et
610 3671 743 3731 aurigarios
779 3669 917 3717 tisnostrae
925 3668 1082 3731 verginius!
1113 3670 1183 3720 Quid
1200 3669 1313 3720 clariori

210 3745 314 3792 meede
321 3744 452 3804 pulmarum
469 3740 611 3792 fraudaret.
646 3745 742 3793 Distin·
780 3747 848 3795 Nam
864 3753 892 3792 et
904 3753 1007 3794 ararem
1030 3745 1151 3806 produxit
1170 3745 1309 3808 Verginius

212 3822 268 3886 goit
289 3819 325 3869 ibi
343 3827 372 3869 et
388 3820 501 3870 ostendit
520 3821 664 3882 Domitiam,
684 3821 744 3884 quia
780 3835 830 3869 nou
842 3821 963 3870 modoad
982 3837 1065 3870 earam
1084 3822 1245 3880 Quintiliani,
1264 3820 1310 3871 sed

212 3899 300 3947 statim
319 3896 394 3945 addit
411 3895 444 3944 de
457 3897 556 3945 altera:
574 3895 743 3960 ‘incestique
781 3903 809 3944 et
830 3895 900 3944 forte
924 3898 998 3945 ultra.
1040 3897 1082 3946 Αιι
1101 3898 1163 3957 duo,
1182 3912 1215 3944 an
1234 3895 1311 3945 nrulti

214 3989 272 4024 cum
288 3989 376 4024 sorore
395 3975 493 4038 lepida
511 3977 558 4023 suu
575 3989 684 4024 excessu
703 3976 744 4024 'li-
780 3972 870 4022 eadem
880 3981 959 4021 aetate
968 3980 995 4021 ct
1007 3975 1062 4036 pari
1079 3973 1234 4021 claritudine
1246 3971 1311 4021 Ver·

214 4049 280 4099 berit
300 4050 435 4112 reus,'&c.
469 4051 615 4113 Distingoit
637 4051 744 4113 pariter,
781 4048 863 4111 gioii?
895 4050 984 4099 Quare
1002 4063 1053 4096 nou
1074 4049 1266 4110 distinguuntur
1278 4046 1311 4094 al>

215 4139 274 4175 eom
290 4126 422 4190 subjungit
434 4127 499 4176 Ner.
509 4131 534 4177 6.
549 4127 557 4154 ‘
570 4127 655 4176 Matre
666 4128 744 4176 etiam
780 4125 937 4185 auowu'bus,
958 4138 974 4170 a
1000 4124 1095 4181 Plinio,
1114 4137 1130 4170 a
1150 4121 1250 4184 Tacito,
1265 4126 1312 4171 aut

214 4201 339 4264 relegata,
354 4199 538 4266 (Nero)paeoe
567 4202 640 4264 inops
666 4208 745 4266 atque
781 4199 872 4259 Fabio,
887 4197 1311 4262 aliqrronominaantpraenomine

215 4287 294 4339 egens
303 4273 374 4338 apud
385 4275 490 4325 ιιιιιίιιιιι
501 4275 626 4340 Lepidam
634 4275 745 4326 nutritos
781 4273 908 4337 speciali?
923 4273 975 4322 Sed
986 4271 1124 4339 quomodo,
1133 4279 1237 4339 autqno
1246 4272 1310 4338 fato,
