3192 4909
206 441 280 494 ac
297 440 352 505 ot]
547 437 754 490 auuauruu
778 440 852 492 ula.
877 439 957 490 xrr.
1220 427 1308 495 ttoa

208 578 470 644 diffamannbuo
500 579 723 646 subtraheret:
766 603 841 648 osee
878 583 928 650 iiii
962 605 1024 669 per
1047 583 1165 650 Adam
1200 589 1307 655 avitoe

208 698 316 760 Quos,
342 681 377 744 in
404 682 524 764 quibua
547 688 617 746 tute
639 689 673 747 at
693 683 861 749 inturbida
878 687 1015 770 juventa
1028 687 1211 754 fineretur!
1254 689 1309 756 ita

195 781 286 845 illuc
311 803 387 848 cnm
417 785 556 868 conjuge
570 781 718 850 Antistia
741 791 775 849 ct
799 787 921 869 paucis
941 788 1148 854 familiarium
1174 809 1309 855 conces·

205 881 261 948 sit
304 883 459 948 liadeen²²
487 885 608 949 diebus
642 887 744 950 nimia
777 887 880 950 luxus
918 889 1041 972 cupido
1079 890 1251 958 infamiam
1275 896 1307 957 ot

204 983 389 1064 macutum
416 985 542 1050 Neroni
567 988 652 1065 tulit,
675 989 756 1070 quia
775 989 900 1054 fontem
925 1009 1024 1074 aquae
1048 989 1250 1068 Marciae‚¹³⁸
1265 991 1308 1059 ad

206 1181 305 1244 pradia
316 1193 432 1248 patema,
442 1186 468 1234 iu
479 1187 572 1249 quibus
587 1188 716 1251 potiratar
726 1201 821 1238 usura
839 1195 868 1237 ct
883 1187 970 1252 quieta
986 1188 1133 1250 juventute.
1165 1189 1249 1250 itqas
1263 1187 1308 1238 iar

205 1259 231 1294 ar
240 1249 328 1310 recepit
336 1265 388 1298 cass
397 1265 471 1299 acore
481 1252 600 1314 Antistia,
609 1259 633 1301 et
643 1254 725 1314 pascis
734 1253 871 1302 numae.
907 1251 997 1300 Eadm
1017 1258 1120 1315 ternpore
1136 1253 1211 1301 sinis
1230 1253 1309 1316 talep-

203 1311 265 1359 setis
275 1313 358 1376 cupide
367 1314 521 1376 ignauissimo
527 1321 551 1364 tt
558 1317 829 1380 dixrimiatpottacit
837 1315 952 1380 principi,
961 1316 1001 1379 ptri
1009 1318 1112 1366 morde
1119 1316 1307 1375 iairrsismen

665 1459 843 1480 “nnuma

204 1548 237 1597 ln
248 1549 300 1598 bis.
312 1549 390 1601 Corb.
403 1557 431 1601 ct
442 1552 556 1603 editione
568 1554 695 1620 principe,
706 1555 750 1606 sibi
762 1572 775 1606 e
785 1557 869 1608 turbis.
895 1557 1073 1607 Bentian-ii
1092 1557 1134 1605 Sic
1145 1557 1304 1606 Puteoleuua

201 1619 232 1662 ct
242 1615 409 1667 recentiores.
424 1616 457 1666 lu
468 1619 519 1667 llis.
529 1619 608 1670 Corb.
618 1625 647 1670 at
656 1621 771 1672 editions
780 1622 908 1686 principe,
914 1623 1064 1686 prm-li
1081 1621 1159 1670 Mem
1170 1619 1306 1670 Eudemi&

204 1675 249 1750 lta
258 1675 484 1742 frequentet-li
501 1683 569 1731 Vera
580 1683 658 1733 lectio
668 1701 674 1732 :
694 1683 787 1735 frustra
802 1687 906 1736 turbent
918 1685 986 1746 libri,
997 1685 1040 1749 qui
1052 1685 1157 1750 partim,
1166 1699 1234 1748 aqua
1244 1699 1307 1734 sant·

201 1753 275 1801 gree,
287 1743 381 1803 partim
392 1744 484 1805 noreio
495 1745 621 1797 referunt.
637 1749 743 1812 upote.
773 1751 831 1800 Hoc
841 1750 920 1800 babet
928 1749 970 1800 ed.
981 1765 1019 1812 pr.
1036 1749 1089 1798 Sed
1100 1749 1160 1798 iude
1172 1763 1188 1798 e
1200 1747 1306 1798 Prieni.

203 1803 335 1866 unimam
353 1813 395 1856 est
413 1808 439 1856 iu
456 1809 573 1860 omnibns
588 1811 652 1862 edd.
686 1813 718 1863 ln
740 1814 796 1864 bia.
806 1812 896 1866 (iucif.
908 1829 924 1863 a
942 1827 1019 1864 manu
1040 1828 1081 1879 pr.
1093 1813 1205 1876 Mareia,
1221 1827 1236 1862 a
1252 1825 1305 1862 see·

697 1964 807 2015 Nom

199 2083 240 2130 us,
250 2077 280 2120 ut
290 2077 367 2135 patet
378 2073 411 2122 de
418 2074 513 2138 Scjano
523 2075 591 2138 apud
599 2075 732 2126 Tacitum.
772 2077 813 2126 Μ.
826 2077 953 2141 Agrippa.
986 2075 1126 2125 Frontinus
1144 2072 1236 2122 scribit
1246 2083 1303 2123 eant

200 2144 334 2210 Augustus
345 2147 424 2198 etiem
436 2149 520 2198 literis
532 2159 634 2212 tempus
651 2157 680 2200 ct
687 2149 733 2200 bo·
773 2166 789 2200 a
807 2151 918 2214 'i'rajauo
938 2151 965 2199 iu
980 2149 1138 2200 Aventinum
1157 2149 1305 2198 brioniam.

200 2237 256 2272 ratu
265 2225 417 2276 annotabat
450 2227 493 2276 Sic
509 2227 599 2276 multae
616 2241 659 2276 rea
675 2227 733 2276 dill-
772 2225 892 2290 nepam

199 2298 303 2360 gentius
313 2298 447 2366 geruntur,
458 2315 508 2352 nec
524 2301 599 2364 plura
609 2299 732 2352 dicuutur
804 2303 879 2365 Aqua
889 2301 1002 2365 atnoe]
1011 2301 1052 2350 lie
1065 2313 1114 2364 qua
1122 2297 1215 2348 Plini.
1224 2309 1304 2348 uxr.

198 2373 361 2440 quem-velia
770 2377 794 2424 i.
811 2375 978 2426 ‘Clarissima
999 2387 1122 2438 aquarum
1144 2373 1259 2422 ontuiutn
1277 2373 1303 2422 in

230 2455 243 2480 ¹
260 2447 336 2512 Seque
348 2465 422 2512 proce
441 2449 633 2513 diffumaatibus]
648 2453 730 2502 ‘Pes-
769 2455 827 2500 toto
857 2451 929 2514 orbe,
955 2449 1060 2512 frigoris
1088 2447 1303 2512 salubritatisque

196 2525 288 2574 situum
300 2537 381 2588 penna
395 2524 556 2575 inimicorum
575 2524 728 2589 laudantea,’
768 2523 866 2584 palma,
889 2524 1020 2584 praconio
1040 2513 1113 2570 urbi's
1136 2523 1237 2571 Marcia
1255 2533 1305 2586 eet,

198 2599 408 2663 inquit'facitua.
433 2599 729 2664 Noupraeclaeobtrec·
765 2595 951 2662 interreliqna
964 2595 1051 2646 Deum
1062 2609 1168 2645 munere
1181 2597 1238 2647 urbi
1256 2599 1303 2648 tri·

198 2676 291 2725 tabant
300 2675 390 2724 Plauti
399 2677 497 2740 gloria,
510 2676 587 2726 immo
599 2676 729 2726 volentem
768 2671 1184 2736 bumqnoerocebatnrqrrondam
1192 2672 1302 2724 Anteia:

197 2751 328 2800 nolentem
347 2751 549 2816 praecipitabant
559 2752 588 2800 lu
605 2751 728 2814 gioriaur3
767 2747 827 2797 fona
849 2753 936 2798 autem
965 2749 1020 2812 ipae
1041 2749 1159 2809 Pirama,
1188 2751 1231 2814 qui
1254 2751 1304 2799 orl·

197 2825 265 2875 forte
274 2827 385 2890 improbi
395 2832 423 2876 et
434 2826 527 2876 infensi
540 2824 728 2889 periuridiam,
767 2829 812 2873 tur
823 2825 849 2874 ln
860 2825 957 2874 altlnris
976 2824 1108 2874 montibus
1125 2825 1301 2890 Pellpunrnm,

197 2901 258 2951 boui
269 2903 395 2967 amicique
407 2917 455 2967 per
465 2915 577 2952 amorem
587 2901 648 2952 boni
663 2903 727 2966 pub-
766 2899 914 2963 transitque
931 2899 1043 2960 Marsos,
1065 2906 1092 2948 et
1112 2900 1238 2950 Fucinum
1265 2901 1301 2952 la·

196 2978 249 3038 iici,
259 2977 305 3026 sed
313 2979 388 3027 simui
399 2993 488 3027 omues
499 2977 526 3027 in
535 2977 653 3027 exitium.
767 2987 837 3037 cnm,
848 2975 958 3024 Romam
968 2988 1019 3025 non
1029 2974 1108 3024 dubie
1118 2985 1222 3038 patenae
1240 2991 1302 3028 mox

228 3055 271 3104 Sic
286 3055 392 3104 Tacitus
413 3055 445 3104 de
458 3053 596 3118 Agricola:
612 3055 728 3105 ‘Posce-
766 3062 848 3111 specu
865 3063 965 3098 merens
983 3050 1010 3096 iu
1023 3049 1161 3098 'libertina
1177 3065 1204 3098 se
1217 3052 1303 3114 aperit

197 3131 274 3180 batur
296 3145 341 3178 ore
364 3131 434 3194 volgi
454 3130 508 3179 dua
530 3129 662 3192 Agricola,
677 3133 728 3179 tre.
769 3138 864 3173 aurern
896 3123 977 3172 millia
1004 3137 1126 3186 pastuum
1158 3122 1301 3176 fornicibus

195 3207 257 3255 dum
280 3206 510 3271 optlmusquisqos
531 3205 685 3256 libertorum
702 3220 728 3254 a·
768 3200 878 3250 structis
897 3199 1046 3265 perductus.
1081 3200 1183 3250 Primus
1199 3216 1256 3251 ean
1274 3207 1300 3253 iu

195 3296 268 3332 mora
280 3291 308 3331 et
319 3279 382 3343 fide,
395 3281 499 3345 pessimi
518 3281 681 3345 malignitate
700 3286 729 3330 et
766 3279 857 3330 urbem
875 3278 972 3329 ducere
993 3279 1142 3341 auspicatus
1160 3287 1199 3328 ert
1211 3279 1300 3331 Ancus

194 3356 727 3422 livorepronamdeteriuribuaprincipem
767 3359 1001 3409 Marciusunnsex
1014 3357 1124 3423 regibus.
1160 3360 1255 3410 Postea
1266 3359 1299 3411 Q.

195 3433 405 3484 entimoiebant.
437 3433 482 3484 Sic
500 3433 623 3498 Agricola
649 3434 726 3484 aiatol
767 3433 884 3485 Marcius
896 3435 953 3484 Rex
971 3435 997 3484 in
1010 3442 1141 3498 protum
1158 3449 1299 3502 rursusque

194 3509 725 3573 suisvirtutibus,slnmlrltlisaliornmin
765 3511 882 3560 restituit
911 3511 949 3560 bi.
971 3511 1097 3574 Agrippa.
1133 3511 1300 3562 Domitianaa

195 3585 395 3651 ipsem'ploriam
407 3601 524 3651 praceps
536 3585 682 3650 agebatur!
765 3584 877 3634 deduxit
893 3587 919 3635 ln
937 3600 997 3636 suas
1016 3586 1132 3636 thermas
1151 3599 1229 3652 super
1240 3597 1298 3652 pon

207 3658 238 3703 't
255 3663 355 3710 Fontem
372 3677 441 3724 apua
452 3659 567 3723 Marcio]
582 3661 644 3710 Non
659 3662 726 3726 injrt-
766 3661 1005 3728 tamEsqnllinaat.’

195 3737 306 3789 cundum
319 3737 389 3787 forte
401 3727 520 3787 siirdioala
536 3750 620 3786 remus
632 3739 724 3788 Roma·
798 3738 913 3802 Mareia]
930 3738 1007 3803 Aqua
1018 3739 1119 3789 Marcia
1129 3741 1212 3790 oritur
1224 3741 1251 3790 lu
1259 3741 1297 3791 ul-

194 3830 283 3865 narum
293 3814 382 3878 fuerit,
394 3816 482 3879 paucis
503 3815 536 3863 dc
548 3815 726 3879 equabiarcta
764 3815 836 3864 timis
858 3803 1170 3880 montibusPelignorun'r
1191 3819 1298 3881 populo-

194 3891 419 3954 disaerere,quam
430 3890 599 3939 cierisainrarn
611 3889 724 3938 omniurn
764 3905 831 3952 rum,
842 3892 934 3941 transit
954 3905 1002 3954 per
1020 3893 1131 3954 Marsos,
1146 3893 1252 3957 Equos,
1268 3901 1297 3943 et

194 3979 319 4032 aquarum
329 3965 430 4015 Plinius
442 3967 487 4015 ille
504 3967 521 4014 l.
533 3977 617 4015 xxxr.
635 3966 724 4029 eppei·
763 3968 872 4018 Sabinou
884 3970 994 4032 populos
1005 3969 1100 4018 Simnii
1112 3969 1240 4033 regionis3
1252 3968 1297 4018 dc·

192 4043 240 4095 lat.
761 4043 825 4105 iude
838 4043 978 4094 fornicibus
990 4045 1096 4094 structis
1107 4044 1261 4107 perducitur
1269 4043 1296 4092 irt

225 4119 327 4168 Primus
334 4135 392 4170 eam
404 4119 430 4168 in
442 4119 507 4169 utbc
514 4121 663 4183 auspicatus
671 4117 724 4168 Au·
764 4121 853 4170 urbem
868 4121 987 4186 Romam,
1006 4135 1086 4186 utque
1109 4120 1142 4168 ed
1154 4119 1296 4169 castalium

193 4210 240 4246 cus
249 4197 363 4247 Marcius
374 4197 442 4259 liert,
461 4204 552 4260 postes
562 4196 596 4247 Q.
607 4195 724 4246 biareins
765 4209 888 4261 aquarum
906 4197 1024 4259 Marcie,
1034 4195 1114 4249 inlita
1130 4203 1161 4244 et
1176 4193 1296 4262 Tepula,

193 4271 219 4322 in
230 4271 320 4322 urbem
329 4272 448 4335 deduxit,
459 4285 597 4337 rursusque
608 4270 724 4322 restituit
763 4271 791 4322 in
810 4271 902 4336 quinta
921 4275 1028 4337 regione
1047 4271 1129 4323 nrblsz
1146 4264 1294 4326 totietas
