3192 4909
312 371 400 438 1786
649 388 682 438 o.
706 388 891 438 nonunnu
915 389 1043 439 rnorm
1243 395 1291 461 [n
1301 395 1336 447 υ.
1351 401 1413 448 aaa.

312 528 394 594 forie
420 533 477 594 aut
501 533 533 593 te
547 528 705 594 vitellior
727 535 779 594 tor
802 529 954 608 consuli,
977 538 1036 596 ant
1057 551 1110 594 me
1133 529 1295 598 Claudiol
1319 537 1413 616 puat-

312 632 434 713 ponta*
479 631 558 710 Sed,
574 639 745 714 quantum
757 632 919 698 Volusio³
935 635 1033 715 longa
1051 633 1271 717 parcimouia‘
1285 633 1414 718 quaesi·

312 812 470 877 cumuli,aul
478 829 519 865 mr
527 815 636 865 Claudio
647 817 746 865 Catari.
779 815 831 864 Sed
842 821 965 883 quantum
976 815 1100 865 diuturna
1110 813 1245 878 frugalitas
1254 814 1418 879 paravitVo·

773 977 949 998 ”tomeun

346 1093 358 1136 l
377 1086 421 1137 lta
433 1087 496 1137 Maa.
506 1089 577 1138 Flor.
584 1090 649 1154 Reg.
659 1090 759 1142 vitione
766 1093 792 1142 in
801 1095 857 1143 aliia
867 1094 971 1157 scriptia
977 1098 1005 1142 et
1013 1089 1178 1150 editialibria‚
1187 1089 1313 1154 maepoair,
1319 1094 1349 1138 ut
1356 1087 1415 1151 jana

313 1150 413 1214 pridem
432 1153 531 1202 monuit
548 1153 659 1217 Lipsius.
686 1158 792 1208 Bretier.
826 1160 862 1209 Et
879 1158 1026 1209 Gronovius
1045 1163 1073 1206 et
1092 1153 1207 1218 liyekiua
1226 1160 1330 1203 servant
1351 1167 1416 1216 pra·

310 1215 437 1277 portin—2
454 1215 567 1266 Omnino
583 1219 781 1284 emendandum,
802 1225 838 1272 orl
853 1229 976 1286 quatern,
993 1227 1038 1270 ant
1049 1225 1084 1281 et,
1104 1220 1142 1268 uti
1154 1218 1259 1267 volebat
1269 1214 1416 1266 Acidalina.

313 1279 452 1342 Repugnat
463 1281 541 1344 enim,
551 1284 600 1331 aed.
634 1283 665 1332 ln
679 1286 742 1334 Mra.
754 1287 828 1338 Harl.
841 1287 917 1338 Bodl.
926 1288 982 1338 dra.
994 1299 1041 1348 pro
1057 1284 1098 1333 aed
1112 1288 1224 1346 quarm
1234 1281 1331 1345 legitur
1340 1283 1383 1330 aad
1392 1282 1417 1328 ai

311 1359 366 1406 qao.
400 1344 563 1394 Erotion-³
581 1347 709 1400 anatie.
727 1358 879 1401 constanter
894 1351 1017 1401 acribitnr
1037 1349 1156 1398 Volariao:
1176 1353 1205 1397 et
1222 1347 1259 1396 sie
1276 1346 1318 1394 ed.
1338 1361 1417 1410 pr.-

809 1518 920 1570 NOTAE

313 1626 408 1679 ‘Quod
417 1627 437 1676 ai
449 1627 509 1692 ipria
517 1629 694 1692 voluptatibus
704 1631 772 1682 bona
780 1637 844 1683 aelaa
883 1633 985 1698 imperii
1002 1637 1030 1682 et
1045 1628 1209 1682 liberalitatis
1225 1627 1310 1693 apetie
1329 1626 1418 1692 ingre·

313 1703 409 1756 fruitur
430 1703 569 1764 lubentius,
598 1705 708 1767 primum
728 1709 844 1770 parvulis
884 1709 951 1769 dior,
968 1717 996 1759 et
1017 1718 1062 1759 tua
1084 1717 1158 1770 aetaa,
1175 1721 1191 1756 o
1206 1701 1418 1768 Seneeavniida

315 1776 410 1826 fruitur
421 1777 515 1826 robur!
540 1779 680 1829 &bradua
884 1784 978 1846 mitur,
998 1791 1026 1833 et
1049 1783 1125 1832 rebua
1145 1788 1174 1831 et
1193 1778 1308 1829 fruitioni
1328 1792 1416 1827 rernm

344 1860 358 1886 ⁰
373 1853 470 1915 Prima]
487 1853 573 1902 Prima
584 1854 686 1918 imperil
703 1857 787 1919 spatia
806 1858 844 1906 in·
884 1860 963 1909 etiam
976 1855 1085 1918 aufficit;
1101 1857 1151 1906 olai
1165 1855 1234 1905 forte
1245 1860 1273 1904 ta
1279 1854 1337 1918 jam
1348 1867 1417 1916 pre·

314 1925 426 1991 gredior‚
437 1933 465 1976 et
475 1927 557 1977 adbuc
569 1933 596 1977 te
607 1929 745 1979 bonoribua
754 1938 781 1981 et
791 1932 844 1996 opi·
884 1935 958 1998 ponia
969 1935 1084 1996 Vitellio,
1102 1947 1157 1993 reu,
1171 1930 1307 1998 niai'sorte
1319 1938 1345 1978 te
1356 1929 1416 1992 jam

313 2001 361 2052 bue
369 2001 507 2067 majoribua
519 2006 649 2054 cumulare
659 2020 778 2069 porrum
795 2009 845 2058 niai
883 2011 1039 2061 ornatiorem
1048 2008 1304 2074 putnaVitellionut
1312 2005 1360 2055 uiai
1370 2006 1417 2053 nai-

314 2077 382 2127 sorte
405 2088 431 2128 te
453 2081 582 2144 preponis
601 2083 725 2134 Vitellio:
745 2084 772 2133 id
794 2091 844 2149 eat,
883 2102 931 2136 nna
939 2101 981 2136 me
990 2084 1059 2136 forte
1069 2091 1214 2150 potentem,
1224 2089 1269 2133 aut
1280 2075 1417 2132 liberalem

313 2157 363 2207 nial
380 2155 446 2208 sorte
458 2167 483 2208 te
495 2159 550 2223 jam
562 2160 667 2210 Vitellio
686 2168 727 2212 ter
738 2163 844 2213 conaale
884 2170 1055 2226 numnquam
1065 2159 1116 2211 luit
1126 2160 1259 2210 Claudina.

314 2235 434 2284 ditiorem
455 2242 483 2286 et
502 2236 658 2286 ornatiorem
678 2244 769 2300 paim
794 2238 843 2287 nial
915 2239 967 2288 Sed
977 2246 1078 2287 tanturn
1090 2237 1175 2298 abeat,
1185 2241 1215 2284 ut
1227 2242 1255 2284 lu
1267 2233 1360 2298 opibna
1373 2232 1420 2282 ad·

314 2310 381 2360 forte
401 2325 442 2360 rue
459 2312 567 2361 Claudio
583 2315 728 2376 praeponis:
746 2314 774 2363 id
793 2322 843 2376 eat,
884 2330 972 2379 tequea
980 2313 1113 2363 Vitellium
1126 2319 1168 2362 ter
1178 2311 1319 2372 conaulenr,
1329 2323 1420 2360 aenno-

314 2386 363 2434 nint
380 2393 454 2450 putaa
469 2401 509 2436 me
520 2388 576 2452 jam
594 2388 765 2438 liberaliorem
776 2389 804 2438 in
816 2396 844 2440 ta
884 2387 1420 2454 remque‚cumnequeadbueeapleremea

314 2460 402 2522 titiane,
419 2477 495 2525 quam
514 2462 564 2512 suit
581 2464 704 2514 Claudiua
724 2466 750 2514 in
759 2467 843 2516 Vitel-
884 2469 911 2517 iu
923 2478 950 2518 te
962 2469 1103 2518 liberaliter
1118 2465 1212 2529 potnit,
1229 2473 1352 2530 quantum
1364 2463 1419 2512 Vo-

315 2538 384 2588 lium.
417 2539 454 2588 At
476 2537 544 2590 forte
563 2539 665 2590 facilior
686 2543 844 2608 nitidiorqna
883 2543 949 2594 lnaio
961 2541 1412 2607 longaparaimouiaquaeaitomert.

312 2612 382 2664 t'orat
391 2629 490 2676 aenaea,
500 2616 619 2680 legendo,
630 2619 758 2681 Moenia.
791 2620 844 2669 Sed
917 2621 1047 2670 aclaudio
1061 2619 1191 2684 proponit]
1211 2617 1240 2666 st
1257 2614 1419 2680 quidvideo,

313 2688 467 2739 nibiirnore.
493 2689 560 2738 siri
572 2693 703 2754 provooia
717 2695 845 2758 preponis,
883 2705 930 2747 aut
940 2697 1076 2760 negatione
1086 2694 1164 2745 inrita
1180 2688 1354 2748 aeribentlum,
1370 2706 1420 2740 ana

314 2764 496 2827 compendioae
518 2767 643 2832 arripiam
670 2767 729 2830 snit,
758 2768 844 2821 facilia
881 2773 1013 2838 praepoaia:
1030 2783 1075 2822 ant
1086 2769 1238 2820 mutandum
1249 2769 1276 2818 iu
1287 2765 1418 2832 poalpaaa‘r.

313 2843 401 2904 lapaut
414 2842 623 2894 exscribendum.
884 2849 964 2898 Certe
972 2855 1001 2896 et
1010 2848 1082 2897 Nero
1087 2845 1187 2909 judicio
1196 2853 1257 2893 ante
1265 2842 1417 2893 Claudium:

346 2917 592 2978 ’Niaisorteaatte
606 2921 713 2986 Vitellio]
738 2921 780 2972 An
792 2923 843 2973 ful·
884 2929 911 2972 et
932 2923 1032 2972 Seneca
1052 2921 1122 2972 omui
1142 2935 1170 2970 re
1190 2925 1253 2970 ante
1271 2919 1417 2969 Vitellium.

314 3007 376 3057 gore
386 2995 582 3056 magistratuum
592 3003 619 3046 te
626 3005 703 3060 putu
711 2999 845 3049 Vitellium
882 2998 990 3062 [ἐμίν.
1372 3001 1379 3008 “

313 3068 427 3120 anteire?
443 3084 523 3133 erras,
540 3071 561 3120 ai
578 3071 604 3120 id
616 3073 710 3136 credin,
730 3073 843 3126 seneen:
916 3073 1041 3136 Negatio,
1048 3084 1125 3136 quam
1134 3070 1237 3135 Iaipriua
1247 3069 1291 3120 laic
1300 3069 1417 3118 inserere

313 3146 358 3194 ille
367 3146 433 3194 euim
443 3147 546 3196 tertium
556 3148 663 3199 Conam:
676 3163 759 3200 tuma
768 3151 844 3201 clan-
884 3148 973 3212 vellet,
992 3149 1077 3197 locum
1104 3146 1201 3195 habere.
1225 3159 1277 3195 nou
1297 3141 1416 3193 ridetur:

313 3221 356 3272 dio
378 3222 621 3273 beneficentiorem?
653 3233 681 3273 at
702 3225 724 3274 ia
746 3227 844 3287 majora
883 3239 942 3274 uam
954 3226 988 3275 de
1004 3223 1163 3273 liberalitate
1183 3228 1283 3271 tantum
1302 3219 1417 3283 loquitur

313 3299 425 3348 eontulit
440 3300 465 3346 ln
476 3299 593 3348 amioum.
627 3300 742 3350 Proinde
753 3292 847 3351 verum
884 3299 966 3362 Nero,
975 3313 1025 3348 nou
1038 3298 1071 3346 de
1083 3297 1177 3348 cetaria
1187 3295 1333 3345 virtutibua.

311 3386 363 3424 uon
375 3380 415 3422 eat
431 3379 553 3436 utrosque
570 3387 616 3420 noa
632 3387 778 3424 mensuram
796 3375 844 3424 int·
915 3377 974 3425 Tna
990 3383 1063 3437 aetaa,
1078 3374 1172 3438 inquit,
1188 3379 1231 3421 eat
1246 3370 1331 3420 adbuc
1347 3383 1416 3434 prar-

314 3448 432 3511 pleriare.
445 3447 512 3498 Naun
519 3448 845 3516 Claudinapluradonavir‚
882 3451 941 3500 anila
959 3449 1100 3511 afficient,
1117 3455 1146 3498 et
1165 3462 1214 3510 rgo
1232 3462 1289 3496 aum
1307 3447 1334 3494 in
1351 3444 1417 3508 ipaia

313 3529 342 3571 ot
351 3523 555 3584 ploravitelliua
566 3524 677 3588 accepit.
691 3525 733 3574 De
743 3526 844 3576 Vitellii
881 3525 960 3575 initiia
981 3524 1085 3589 imperii
1107 3539 1138 3576 ac
1159 3521 1342 3572 liberalitatia:
1366 3519 1418 3570 uiri

312 3598 485 3660 potentiaaub
494 3599 602 3648 Claudio
610 3601 843 3665 impetatore,8ue-
882 3598 951 3650 sorte
973 3600 1115 3660 exiatimaa,
1140 3607 1168 3648 te
1189 3598 1287 3662 maiora
1307 3596 1417 3660 prumia

314 3674 446 3724 tonitruo:
464 3674 548 3724 ‘lilox
567 3689 624 3724 eum
642 3677 753 3729 claudio
775 3680 842 3742 prin-
884 3675 1071 3739 amplioreaque
1091 3675 1233 3738 dignitates
1253 3688 1269 3721 a
1284 3687 1326 3721 me
1344 3685 1419 3721 aece-

314 3751 373 3814 eipa
389 3750 454 3800 duoa
471 3750 576 3814 iusuper
592 3752 738 3805 ordinarint
753 3771 843 3808 conata·
883 3752 961 3814 Ρίδδθ,
979 3765 1056 3815 qum
1073 3765 1088 3800 ⁸
1106 3749 1213 3798 Clffltdl⁰
1230 3747 1351 3797 Vilelllm
1373 3753 1415 3796 ῑθῐ

313 3827 843 3897 latuaeenruramquegeaait:eurmnqnn.
883 3828 982 3890 conani,
1002 3833 1047 3876 aot
1072 3840 1113 3875 roe
1137 3825 1313 3875 liberaliorem
1334 3821 1416 3872 frtiaaa

313 3917 364 3969 que
391 3905 492 3968 inperii
516 3905 640 3955 sustinuit
661 3905 770 3959 abrente
791 3909 841 3960 eo:
882 3919 945 3968 erga
962 3911 998 3964 te,
1015 3917 1092 3968 quam
1109 3901 1231 3952 Claudiae
1247 3913 1309 3964 erga
1330 3899 1414 3948 illum.

312 3980 455 4031 Snliaeriua.
882 3981 926 4032 lla
947 3980 1027 4032 sentit
1048 3979 1127 4030 etiam
1147 3977 1295 4027 Salineriua.
1329 3975 1416 4024 Piale-

346 4057 404 4106 Nini
408 4056 487 4119 sorte]
503 4055 535 4106 ld
544 4055 621 4107 saeile
630 4065 716 4121 potest
726 4061 844 4124 pallaeu-
882 4071 922 4107 aa.

312 4149 380 4196 aum,
394 4147 471 4198 quem
486 4131 618 4196 ingenioae
637 4132 770 4186 adinvenit
785 4135 843 4188 Flo-
915 4138 925 4163 ¹
944 4125 1284 4193 Volarioioaerpareimin]
1300 4122 1363 4174 Dixi
1374 4137 1418 4172 au·

312 4214 379 4260 rent.
396 4208 539 4272 Interprer.
561 4207 657 4272 l'rinaa,
667 4208 753 4274 inquit
761 4211 843 4276 Nero,
881 4221 947 4272 nra:
964 4205 1044 4272 addo,
1057 4205 1107 4257 boe
1117 4203 1248 4256 nomenin
1258 4200 1342 4254 Vatia.
1352 4213 1416 4252 eon-
