3192 4909
362 393 451 466 orto
765 409 867 460 nors
887 399 1059 460 suroris

364 543 398 608 in
414 540 529 608 Αἰτίαι
541 544 799 606 retentusneves
814 544 848 605 et
861 555 1045 619 monum
1064 537 1220 620 legiones
1234 533 1443 608 inssawit

363 661 454 707 nove
466 641 572 706 moliri
579 639 598 722 ;’
618 641 739 726 quibus
753 647 788 706 et
799 641 896 725 peris
918 640 1063 706 addebat
1077 644 1088 674 ‘
1103 637 1145 705 de
1158 637 1261 722 Syris
1272 646 1305 704 et
1315 637 1445 707 Jodss!

362 741 434 810 Sed
462 743 706 819 enimsdverso,
720 741 773 806 his
797 761 864 807 non
891 743 1047 807 exterreri
1063 740 1224 819 Galbam,
1253 759 1344 806 soum
1367 739 1445 825 epod

362 863 439 910 eom
453 843 682 910 auctoritatem
704 842 828 920 lubere,
843 844 1095 927 perspectisque
1118 844 1262 908 militum
1276 842 1311 906 iu
1333 862 1370 906 se
1386 846 1446 907 stu·

362 941 440 1024 itis,
454 951 566 1030 pdere
586 945 630 1010 sb
649 944 749 1010 armis
773 944 962 1010 subsidium
982 943 1147 1024 decrevit3
1165 941 1359 1010 dehortente
1376 943 1446 1008 ticet

361 1044 485 1111 Clodio
500 1043 600 1110 Celso
614 1043 842 1122 Antiochensi,
856 1044 914 1129 qui
928 1065 972 1110 ex
990 1046 1110 1111 amieis
1121 1046 1197 1130 ejus
1210 1047 1264 1110 vir
1275 1043 1447 1110 murmur

362 1153 398 1212 et
418 1145 574 1231 prudeus,
587 1147 753 1223 censebat,
769 1149 779 1180 ‘
794 1146 1018 1229 paucissimos
1030 1151 1236 1230 reperturum
1250 1145 1377 1223 Rome,
1395 1143 1447 1226 qni

364 1245 602 1332 Imperatorem
625 1266 699 1312 eum
712 1246 853 1313 vellent’
897 1247 964 1311 Sed
986 1247 1126 1312 eliorum
1147 1246 1370 1313 consultorum
1388 1245 1448 1310 riso

360 1355 527 1431 exeeptns
540 1353 593 1412 est
606 1347 738 1425 Celsos,
763 1347 950 1430 presertim
964 1347 1171 1413 Mithridatis
1183 1347 1359 1432 eujusdam
1370 1345 1449 1410 Pou-

359 1449 457 1528 tiei,‘
473 1447 595 1528 Forte,’
610 1450 718 1532 inquit
731 1449 801 1527 itte,
816 1454 828 1485 ‘
841 1467 929 1514 nnnc
943 1447 1245 1528 RomanisGelbo,
1257 1449 1336 1532 quis
1346 1444 1447 1532 proed

363 1553 470 1629 obest,
484 1550 612 1634 aliquid
636 1550 801 1628 videatur,
814 1552 941 1635 quippe
961 1552 1067 1636 major
1086 1569 1133 1616 ex
1155 1551 1337 1634 longinquo
1355 1553 1448 1618 udus

364 1657 399 1718 et
412 1652 610 1730 reverentie3
632 1649 691 1716 sed
707 1651 766 1716 ubi
781 1653 815 1715 in
827 1657 1042 1736 conspeetum
1056 1653 1181 1720 effluit
1205 1654 1379 1736 imperstor
1390 1647 1449 1715 eut

363 1769 426 1818 rus
451 1772 493 1819 se
512 1753 617 1818 fronte
639 1752 730 1834 mgis
755 1758 861 1830 arete,
883 1751 1124 1835 deprehendent
1137 1753 1233 1818 eires
1253 1751 1449 1836 opprobrium

364 1856 533 1940 temperis,
546 1871 613 1936 quo
635 1853 691 1917 itte
713 1853 756 1918 sd
772 1852 1005 1937 Principutum
1024 1859 1161 1921 erectus
1180 1853 1259 1922 est?
1300 1851 1448 1937 nymphi

363 1955 456 2022 dium
478 1956 593 2038 itaque
617 1955 730 2020 medis
749 1960 846 2022 noete
869 1954 1036 2038 proxime,
1049 1955 1085 2018 in
1106 1959 1220 2021 oestrs
1236 1952 1448 2021 deduoeodon

358 2061 523 2137 statuunt,
538 2060 576 2122 ut
600 2057 796 2126 salutaretur
812 2052 996 2139 Imperator.
1039 2055 1107 2120 Sed
1127 2055 1278 2122 nondum
1301 2054 1448 2137 advespe-

362 2159 527 2238 resesbot,
543 2177 620 2224 cum
635 2157 802 2224 Antonius
817 2157 1019 2235 Honoratus,
1030 2157 1088 2241 qui
1101 2159 1236 2241 egregie
1248 2159 1331 2222 inter
1343 2153 1449 2220 'tribr-

362 2259 834 2337 nos-semoflorebst,miiitnm
846 2253 1450 2336 suorumeoneionesdvooste‘Qu'w

361 2359 472 2438 nme·
486 2361 604 2444 inquit,
620 2365 631 2397 ‘
646 2380 668 2425 o
690 2361 787 2438 socii,
799 2379 876 2444 qum
896 2359 1101 2444 intemperie
1115 2378 1178 2425 vos
1190 2358 1344 2443 agitanti
1355 2373 1449 2440 nsque

362 2459 896 2539 sdeovosdesrdtoriutideleves,
907 2458 1448 2544 recrementumfidemquenottsn

362 2561 406 2626 ob
421 2579 555 2626 mosem
570 2563 621 2626 sio
633 2561 735 2626 focile
747 2562 898 2626 exuitis't
919 2562 965 2628 ob
979 2562 1106 2644 flagitio
1118 2561 1213 2646 rejici
1227 2560 1344 2626 debuit
1356 2556 1448 2633 Nero,

360 2662 485 2728 fateor:
508 2662 566 2727 sed
593 2661 690 2745 eujus
718 2663 845 2740 metris,
870 2664 968 2749 cujus
994 2665 1113 2729 uxoris
1139 2664 1235 2755 erede
1263 2675 1449 2746 conspersis

361 2763 476 2829 Gelbs
488 2767 565 2829 estt
587 2785 665 2848 quse
679 2781 806 2832 morum
819 2765 958 2832 infamis
969 2765 1139 2848 indignum
1158 2767 1241 2831 iecit
1260 2763 1405 2848 imperio,
1417 2763 1450 2824 ut

361 2866 463 2930 soorti
476 2866 670 2951 principalis
684 2867 773 2932 tilius
786 2867 819 2932 ei
833 2867 1050 2952 preferatur
1072 2868 1170 2954 eujus
1187 2869 1267 2932 tuso
1288 2862 1449 2946 metim,

362 2967 421 3051 qui
445 2967 480 3032 in
496 2968 596 3032 verbe
617 2969 691 3054 ejus
709 2967 872 3052 jurarent,
883 2971 976 3036 brevi
999 2976 1197 3053 prestarent
1210 2962 1449 3042 Neanirind’r

360 3068 448 3148 cias,
459 3087 558 3153 quem
575 3069 787 3154 prodidisset,
801 3069 969 3138 et-Golbue
982 3071 1129 3137 tidosse
1149 3074 1339 3155 probarent,
1358 3083 1449 3153 quem

358 3171 424 3236 iste
452 3170 582 3236 insidiis
606 3172 714 3256 petiit.
759 3171 1008 3257 Expenderent,
1033 3195 1104 3258 qne
1130 3194 1192 3259 spe
1216 3174 1334 3240 decem
1351 3168 1449 3236 millis

360 3271 633 3360 praetorisnorum
653 3274 797 3358 integrus
819 3275 952 3358 imperii
965 3277 1053 3342 vires
1073 3278 1287 3356 lacesserent,
1300 3292 1373 3360 quse
1392 3287 1448 3354 pto

360 3373 521 3439 Galbuin
535 3374 636 3439 armis
651 3373 784 3440 essent!
827 3376 901 3441 Illis
924 3377 989 3442 hue
1009 3379 1157 3444 oratione
1170 3378 1315 3461 pecatis,
1330 3372 1447 3441 omsiit

361 3475 394 3538 in
408 3473 554 3558 reliquos
568 3477 760 3561 exemplum
772 3478 940 3562 obsequii,
959 3486 995 3543 et
1017 3480 1224 3563 praevaluere
1247 3468 1360 3562 portes
1372 3473 1447 3542 Gel-

359 3575 424 3640 bae.
468 3575 611 3644 Exortus
625 3577 743 3644 deinde
766 3578 803 3642 in
816 3580 935 3644 omtris
948 3579 1077 3644 elamor
1089 3579 1329 3665 Nymphidium
1341 3577 1447 3644 sdver-

360 3676 419 3758 tit3
447 3677 507 3759 qui
525 3697 563 3741 se
575 3682 692 3744 vocari
715 3687 820 3760 retus,
836 3685 870 3745 et
892 3681 1063 3759 testinans,
1077 3687 1116 3746 ot
1139 3683 1284 3749 firmaret
1304 3683 1447 3746 numni&

358 3778 499 3857 animos,
515 3777 774 3863 seditionemque
787 3787 1010 3865 praeverteret,
1028 3803 1070 3847 eo
1091 3803 1167 3848 com
1181 3783 1310 3849 fecibus
1322 3777 1446 3846 dedori-

359 3880 610 3959 tur‚memoriae
637 3879 792 3945 mandute
817 3883 978 3961 oratione,
993 3903 1015 3947 s
1028 3882 1191 3966 Cingonio
1206 3885 1352 3951 Varrone
1363 3897 1446 3946 oom-

358 3981 484 4064 posits,
506 3999 608 4065 quarn
635 3981 680 4045 sd
700 3979 824 4046 milites
844 3982 986 4048 haberet.
1031 3983 1099 4050 Sed
1124 3985 1251 4051 eleusis
1273 3990 1442 4050 meorum

358 4083 476 4167 portis,
489 4087 526 4148 et
537 4083 625 4149 vallo
639 4083 764 4168 ubique
776 4103 837 4168 per
849 4085 947 4169 ipsos
961 4090 1141 4171 occupato,
1162 4087 1286 4153 veritus
1306 4081 1384 4170 quid
1400 4076 1443 4144 rei

354 4187 534 4292 'gereretur
560 4183 699 4269 propius
726 4187 880 4272 acessit,
906 4189 1138 4274 quaesivitque,
1167 4193 1179 4222 ‘
1204 4187 1287 4272 quid
1304 4187 1346 4252 iis
1364 4181 1442 4256 etuti
