3192 4909
482 785 541 886 e.
573 778 918 888 conuunu,
944 793 1173 885 Tucim
1279 928 1283 935 ἢ
1383 915 1388 927 .

767 1008 857 1082 ,aa

518 1197 761 1274 EXCFSSU
783 1199 900 1272 DIVI
921 1196 1154 1274 AUGUSTI

286 1397 1389 1617 'annuarum-

481 1779 904 1910 Lmu'a'o'umrus
925 1820 1188 1900 Decimus,

596 2322 912 2406 BREVIARIUM
934 2321 1081 2386 LIBRI.

330 2494 418 2560 cin.
436 2497 467 2560 1.
482 2497 516 2560 2.
539 2495 725 2576 Vologeses
741 2497 818 2561 Rex
838 2497 1037 2561 Parthorum
1060 2495 1183 2558 bellum
1196 2497 1305 2558 mente
1319 2495 1389 2558 vol-

285 2599 347 2673 vit,
377 2598 618 2678 instigantibus·
631 2597 730 2660 fratre
752 2597 902 2662 Tiridate
925 2603 958 2660 et
982 2597 1172 2660 Monobazo
1200 2593 1390 2673 Adiabene,

287 2715 386 2778 quem
409 2695 568 2777 'tigranes
592 2703 745 2762 vexarat.
798 2698 831 2762 3.
855 2697 999 2761 Corbulo
1026 2698 1133 2781 Syriae
1158 2697 1290 2762 tuendae
1313 2717 1391 2779 pro-

288 2797 389 2861 videt.
445 2800 477 2860 4.
503 2797 627 2875 Parthi,
660 2797 802 2862 Monese
826 2799 934 2876 Duce,
963 2798 1199 2880 Tigranocerta
1229 2798 1390 2861 obsident.

286 2901 319 2963 5.
343 2897 502 2980 Vologesi
529 2898 675 2964 Corbulo
699 2901 850 2964 inducias
876 2900 971 2964 offert
994 2907 1027 2963 et
1049 2902 1215 2981 impetrat.
1259 2899 1292 2963 6.
1315 2899 1392 2962 Gae-

287 3001 391 3064 seunii
408 3001 495 3065 Paeti
520 3001 690 3067 Armeniae
715 3021 829 3066 recens
852 3001 1000 3084 praesecti
1015 3001 1158 3074 vanitas
1202 3003 1235 3064 7.
1249 2999 1282 3064 8.
1304 3001 1391 3064 fero·

287 3102 354 3179 cia,
379 3103 559 3184 imperitia,
581 3103 755 3188 jactantia.
801 3103 832 3166 9.
854 3101 911 3165 Ab
937 3102 1123 3166 invadenda
1138 3103 1234 3184 Syria
1249 3100 1392 3165 Corbulo

289 3204 451 3267 absterret
477 3203 631 3278 ParthoS,
656 3205 713 3286 qui
750 3205 804 3267 10.
828 3202 999 3267 Armeniae
1018 3208 1051 3266 et
1079 3202 1174 3266 Paeto
1190 3202 1391 3267 incumbunt.

289 3303 360 3367 Hic
378 3323 464 3384 aegre
481 3303 699 3366 Corbulonem
716 3304 845 3367 auxilio
862 3311 972 3380 vocat,
1018 3305 1072 3367 ll.
1095 3303 1229 3367 Parthis
1244 3323 1393 3387 premen-

287 3406 386 3495 tibus.
433 3407 486 3468 12.
510 3405 557 3481 lc,
579 3405 612 3466 in
629 3403 822 3468 Armeniam
842 3405 1027 3487 profectus,
1052 3404 1213 3485 fugientes
1228 3405 1393 3487 objurgat,

288 3507 538 3570 suoshortatur.
583 3507 635 3569 13.
658 3503 968 3588 Vologeses'instat
983 3506 1091 3570 Paeto.
1137 3507 1190 3569 14.
1214 3505 1394 3589 Discepta-

288 3605 337 3670 tio
352 3606 435 3670 inter
450 3607 624 3670 Romanos
638 3615 671 3670 et
687 3606 840 3684 ParthoS,
856 3628 981 3691 exque
1018 3610 1070 3671 15.
1095 3607 1182 3672 Paeti
1196 3608 1289 3672 soeda
1302 3627 1394 3672 com·

288 3710 425 3792 positia.
471 3709 524 3772 16.
548 3707 693 3772 Corbulo
714 3710 750 3771 in
776 3709 967 3773 Armeniam
990 3711 1089 3774 veuit.
1145 3711 1198 3773 17.
1224 3708 1320 3774 Paeto
1342 3711 1393 3774 in·

290 3811 417 3892 crepito
433 3811 564 3894 Syriam
580 3812 707 3893 repetit.
753 3813 807 3875 18.
831 3811 952 3875 Romae
978 3813 1091 3876 inania
1110 3813 1151 3875 de
1176 3811 1309 3874 Parthis
1329 3818 1394 3876 tro-

287 3929 376 3997 paea.
426 3911 634 3975 Frumentum
657 3914 775 3994 plebis.
821 3914 1020 3994 Vectigalia.

332 4015 376 4079 19
411 4012 478 4078 SC.
506 4015 547 4077 de
577 4015 740 4096 simulatis
770 4016 1016 4099 adoptionibus.
1071 4014 1125 4077 20.
1149 4014 1203 4076 21.
1234 4011 1395 4077 Claudius

288 4117 483 4182 Timarchus
511 4115 679 4181 Cretensis
705 4129 895 4194 accusatur,
918 4119 1007 4201 quod
1032 4116 1182 4180 Thrasea
1208 4114 1324 4178 Paetus
1350 4113 1396 4177 ad

289 4221 414 4283 bonum
434 4218 606 4302 publicum
620 4221 728 4284 vertit.
773 4221 828 4284 22.
851 4220 1043 4297 Decretum,
1065 4225 1174 4302 grates
1189 4215 1396 4281 Praesidihus
