3192 4909
305 403 395 470 178⁰
664 410 901 462 c.couuuu11
923 407 1052 458 rietur
1250 411 1413 476 [musis.

304 571 406 639 ortus,
432 559 627 646 proceribus
653 557 801 623 civitatis
826 555 1045 620 uunumerorl
1092 553 1181 618 luter
1205 554 1349 632 nobiles,
1376 560 1414 620 et

302 666 403 748 longo
416 664 552 728 decore⁷
566 661 792 747 preferentes,
819 659 972 722 novitusu
987 674 1063 719 meu
1081 655 1199 719 enituit
1205 654 1235 719 l⁸
1273 654 1344 720 Ubi
1359 664 1414 722 est

304 769 433 832 unimus
446 765 514 844 iile,
530 765 674 832 modicis
688 765 860 828 contentus
871 762 901 822 lv
921 757 1023 822 Tales
1034 758 1149 821 hortus
1178 757 1336 834 instruite
1346 763 1365 794 '
1377 765 1416 824 et

304 889 364 951 per
378 867 452 934 haec
466 868 657 932 suburbano
680 864 812 940 incedit,
837 867 871 925 et
890 861 991 926 mutis
1016 877 1170 941 agrorum
1194 859 1412 942 spedistans

302 972 371 1035 luto
384 970 510 1035 foenore
523 969 706 1034 exuberuil
736 965 814 1029 Una
828 963 977 1028 defensio
993 962 1149 1038 occurrit,
1162 961 1253 1044 quod
1269 963 1411 1026 muneri-

304 1073 367 1136 bus
383 1072 450 1136 tuis
465 1071 570 1135 obniti
583 1090 649 1134 non
664 1068 775 1134 debui.

346 1174 401 1238 54.
424 1172 515 1237 ‘Sed
530 1177 666 1254 uterque
687 1189 875 1234 mensurum
894 1168 1117 1250 implevimus,
1133 1171 1165 1228 et
1180 1170 1227 1243 tn,
1249 1171 1410 1248 quantum

305 1274 466 1356 Princeps
489 1273 631 1338 tribuere
651 1273 760 1335 amico
774 1275 902 1355 posset,
926 1276 960 1334 et
974 1289 1046 1352 ego,
1071 1273 1230 1350 quantum
1245 1268 1375 1330 eunicus
1389 1285 1413 1329 a

305 1375 464 1458 Principe
474 1375 637 1457 accipere.
683 1372 821 1438 Ceteru¹
836 1372 996 1436 invidiam
1011 1376 1158 1452 augent:¹
1176 1389 1251 1452 quae
1263 1367 1413 1452 quidem,

305 1564 376 1615 urbis
394 1563 525 1614 sseribnri
553 1563 628 1613 luter
640 1564 753 1613 illustres
765 1570 792 1613 et
803 1564 899 1612 evitem
920 1562 1026 1626 glorium
1048 1566 1212 1611 ostentantes
1231 1559 1334 1609 novitus
1353 1569 1413 1606 mes

307 1628 421 1678 effulsit?
448 1628 501 1678 Ubi
512 1635 552 1676 est
563 1643 636 1677 ruens
648 1629 693 1678 ills
703 1633 828 1677 contente
840 1629 929 1691 paucis
940 1628 949 1674 i
965 1627 1041 1676 'isles
1052 1626 1139 1675 hortor
1150 1624 1256 1684 excolit,
1267 1630 1294 1672 et
1305 1636 1353 1686 per
1367 1621 1414 1670 bes

306 1695 381 1753 villas
391 1692 516 1752 smbulst,
526 1696 550 1739 et
561 1696 597 1740 ist
608 1691 740 1756 tantisque
752 1701 876 1740 terrerum
893 1691 1039 1754 jugeribus,
1055 1697 1083 1739 et
1102 1695 1153 1739 mm
1166 1690 1290 1738 immense
1300 1683 1414 1749 pecunie

308 1756 448 1867 sbvvngsgi·
472 1755 532 1803 llus
543 1755 662 1819 suppetit
673 1755 813 1804 excusandi
833 1755 909 1819 tutio,
927 1754 995 1820 quod
1014 1753 1199 1803 munificentius
1217 1760 1270 1802 tue
1290 1749 1412 1800 resistere

309 1835 359 1869 non
391 1834 405 1866 e
425 1833 459 1866 ur.

339 1883 391 1933 Sed
412 1881 488 1931 umbo
506 1895 597 1931 munus
615 1889 757 1946 partesque
775 1887 878 1932 nostrus
895 1881 1066 1945 explevimus,
1085 1889 1113 1932 et
1131 1888 1160 1932 tu
1178 1879 1266 1930 dedisii
1285 1885 1414 1944 qusntun

309 1948 399 1998 Caessr
409 1947 497 2009 largiri
509 1947 592 1996 emico
603 1956 703 2010 posset,
715 1954 743 1996 et
753 1961 803 2010 ego
813 1948 893 2010 accepi
907 1955 1032 2010 quantum
1041 1947 1137 1996 nmicus
1150 1946 1270 2008 accipere
1281 1959 1297 1992 n
1307 1944 1414 1994 Caesure

310 2019 408 2075 posset.
440 2013 536 2062 Ceters
546 2011 632 2060 odis·
645 2012 801 2062 intendunt:
818 2011 887 2077 quod
898 2025 971 2074 sane,
981 2017 1011 2061 ut
1021 2017 1117 2061 cuncte
1126 2011 1246 2073 bremens,
1256 2007 1327 2058 inirs
1341 2013 1412 2058 tnsnr

767 2137 947 2160 ‘uenum‘

306 2209 402 2268 longuis
417 2221 508 2255 curum.
541 2205 573 2255 ln
591 2206 736 2257 Mueller.
757 2208 822 2270 lieg.
841 2213 868 2256 et
887 2205 1003 2257 editione
1022 2205 1150 2269 principe,
1169 2205 1239 2266 bugu
1255 2215 1326 2252 arur
1342 2200 1412 2252 nude

307 2269 426 2320 teutnbnt
436 2271 591 2331 Gronovius,
601 2273 672 2331 begs
678 2272 796 2332 ,ised—8
812 2271 846 2320 ln
857 2273 907 2320 Ms.
919 2272 984 2334 lieg.
997 2274 1025 2319 et
1037 2269 1152 2318 editione
1163 2267 1247 2332 princi
1268 2281 1292 2326 e,
1304 2267 1410 2317 micuit.

304 2337 355 2384 -9
371 2334 414 2383 Sic
426 2334 588 2384 Puteolanus
599 2342 627 2384 et
638 2335 806 2385 recentiores,
839 2333 1017 2398 suffragentur
1033 2347 1136 2398 qnoque
1153 2333 1219 2382 Μαι.
1267 2331 1315 2381 srl.
1331 2331 1411 2382 Bcdl·

307 2398 362 2448 Jes.
395 2397 428 2446 ln
440 2399 503 2446 bles.
515 2399 584 2447 Flos.
597 2400 662 2461 lies.
672 2400 749 2449 Cotb.
760 2408 788 2448 et
799 2399 914 2448 editione
926 2397 1163 2461 perciperemus.
1198 2395 1311 2446 Brotler.

339 2461 403 2510 llu
423 2462 578 2511 Mueller.
597 2463 664 2525 lieg.
682 2462 762 2512 Corb.
781 2470 810 2512 et
829 2463 942 2512 editione
964 2463 1091 2526 principe,
1106 2466 1187 2523 ugsst.
1221 2459 1312 2510 Alter·
1329 2471 1409 2506 mnuu

307 2525 592 2588 disertissumam.
626 2527 723 2577 Cuntrs
741 2528 769 2576 in
788 2527 839 2576 liis.
861 2527 935 2576 Hurl.
955 2527 1039 2592 primu
1057 2525 1182 2588 scriptum
1200 2529 1297 2586 usgsst,
1314 2521 1411 2571 deinde

306 2593 388 2650 egent.
416 2589 528 2639 Volebst
545 2589 700 2654 Gronovius,
717 2593 791 2640 sieut.
815 2589 929 2641 Brotler.
964 2589 995 2640 ln
1016 2589 1111 2654 Ryckii
1129 2589 1308 2640 Codceternrs
1318 2587 1412 2636 isoidts

807 2737 913 2786 NOTAE

339 2855 350 2880 ¹
367 2849 482 2911 Neritus]
498 2849 531 2898 ld
542 2854 591 2912 est,
607 2863 675 2900 sors
690 2849 837 2902 cisritudo:
879 2852 925 2902 ‘iu
937 2857 1008 2902 tunm
1020 2851 1127 2915 gloriam
1137 2849 1224 2910 cedet,
1243 2863 1287 2899 eos
1299 2847 1333 2897 sd
1342 2861 1411 2898 snm·

306 2930 333 2973 et
353 2924 489 2987 distinguit
500 2925 608 2973 'l'ueitse
625 2925 696 2974 inter
711 2925 782 2987 issgu
797 2927 838 2975 de·
879 2941 920 2976 mu
940 2926 1050 2988 vexisse,
1074 2927 1119 2991 qui
1140 2933 1169 2974 et
1190 2923 1293 2974 modies
1315 2921 1411 2972 tolers-

304 3013 360 3049 esrs
378 2998 582 3048 mundusne·
597 3000 838 3051 inserendarum·
879 3002 956 3052 rent!
1343 2997 1351 3004 '

305 3089 366 3136 sess,
377 3074 414 3124 its
425 3081 454 3122 ut
464 3077 556 3124 serdus
565 3075 675 3125 bominis
686 3077 839 3127 etelsritsdo
912 3085 928 3110 l·
944 3077 1036 3128 Hos-tos
1057 3076 1166 3140 iustruit]
1187 3075 1269 3124 Vides
1287 3073 1328 3124 lric
1345 3086 1410 3136 opes

305 3148 375 3198 idern
386 3149 429 3199 sit.
445 3149 489 3198 Sic
498 3163 576 3212 supru
586 3155 628 3200 47.
649 3151 740 3201 ‘Viuit
751 3158 839 3202 temen
879 3155 987 3204 Seneere
998 3153 1023 3201 in
1036 3151 1110 3214 villis,
1120 3152 1198 3214 egris,
1209 3149 1329 3216 pecunie.
1355 3145 1410 3207 Sed

307 3235 367 3292 post
382 3228 439 3275 lucc
458 3227 582 3288 Regulus,
598 3228 688 3291 quiete
707 3227 840 3288 defensus,
879 3229 941 3291 quid
953 3235 1003 3290 est,
1014 3223 1131 3278 iustruit?
1147 3224 1240 3276 referri
1249 3223 1282 3273 sd
1298 3231 1409 3284 ctutum,

306 3301 406 3364 etquis
421 3315 489 3350 novs
502 3300 605 3363 generis
615 3303 777 3366 claritudine,
788 3307 838 3354 dic.
879 3297 1411 3368 tubulus,slinnrqueornsturnpntest;etsl

305 3373 380 3424 esst)
879 3377 948 3428 Flnr.
958 3378 1048 3438 codex,
1057 3377 1170 3440 adrui,
1179 3377 1248 3441 quod
1258 3375 1292 3425 sd
1300 3372 1412 3426 edificiis

339 3450 473 3499 'Medicis
481 3449 615 3513 menes]
629 3451 748 3514 Selpssm
759 3452 838 3503 inter-
878 3451 915 3502 ibi
927 3453 1041 3517 superbe
1051 3461 1078 3502 et
1095 3467 1170 3502 nors.
1197 3451 1301 3514 Lipsius.
1325 3447 1357 3498 'ri
1373 3451 1411 3498 is-

306 3529 383 3585 roget
390 3525 545 3586 Senecs,vei
555 3525 698 3588 respiciens
709 3543 747 3588 ss,
756 3529 839 3591 prius·
876 3527 959 3592 usui,
969 3527 1003 3578 de
1014 3543 1175 3593 quocumque
1186 3529 1259 3578 cultu
1270 3535 1298 3576 et
1314 3533 1409 3576 orontn

306 3613 382 3663 quesn
402 3605 490 3649 tentus
507 3615 570 3664 opes
591 3601 713 3661 missen
735 3609 765 3652 et
783 3608 838 3654 tntu
877 3603 987 3666 intelligi
999 3611 1094 3668 petest.

303 3673 405 3724 suimus
414 3674 483 3724 illins
494 3675 601 3725 modicis
611 3685 751 3728 contentus
761 3689 836 3729 erut:
910 3684 922 3709 ¹
941 3679 1039 3741 Cedere]
1056 3679 1156 3740 Ceters,
1177 3693 1235 3743 quse
1255 3683 1284 3728 tu
1301 3675 1410 3738 addere,

306 3746 349 3796 vel
360 3747 437 3797 etium
448 3763 477 3798 se
488 3750 514 3798 iu
532 3750 625 3800 medlls
645 3751 737 3815 opibus
754 3754 837 3804 intus·
878 3760 925 3801 sut
935 3767 985 3816 ego
996 3767 1011 3802 s
1023 3760 1050 3803 te
1059 3755 1181 3818 occipere
1192 3753 1358 3816 possim,jum
1372 3751 1410 3800 iu·

307 3829 360 3886 tur,
373 3832 402 3874 et
413 3825 496 3875 adbuc
511 3826 617 3877 modieis
635 3829 714 3878 etium
731 3839 838 3880 conten·
877 3827 971 3878 vidium
983 3836 1081 3893 sugent
1096 3829 1123 3879 iu
1135 3844 1188 3878 me:
1207 3828 1359 3885 suetcrltss,
1369 3824 1409 3875 fs-

306 3906 347 3951 tus
358 3898 424 3950 fuit:
440 3915 501 3950 usnr
511 3902 555 3966 qui
575 3903 669 3952 multus
685 3903 764 3954 bsbet
776 3919 839 3968 opes
878 3919 933 3967 vor,
944 3906 1027 3970 grstia
1040 3905 1164 3969 principis
1174 3905 1200 3954 in
1211 3903 1336 3954 Senecam
1348 3907 1410 3966 post

306 3975 421 4040 sepiens,
438 3993 484 4028 eus
504 3978 648 4041 possidere,
667 3991 695 4028 ut
713 3981 839 4043 mortuiis,
879 3988 1002 4047 tntupes,
1016 3983 1071 4046 jem
1091 3989 1187 4034 cuncte
1204 3983 1261 4032 herc
1282 3979 1411 4030 invidiose

305 4059 334 4104 st
351 4051 543 4114 administrae,
562 4061 592 4101 nt
613 4055 774 4118 immortalis,
792 4071 838 4120 po-
878 4067 953 4110 suuts
972 4059 1068 4110 invidis
1077 4059 1180 4122 quidem
1193 4055 1262 4107 iulis
1274 4065 1345 4106 tunm
1357 4053 1410 4104 sss-

305 4135 368 4191 test,
381 4130 462 4192 pesnis
471 4135 601 4180 musis.
879 4132 1108 4197 ligiumiscet‚nec
1117 4133 1142 4182 iu
1151 4134 1256 4184 dentem
1265 4129 1410 4196 principem

337 4205 433 4270 Sieque
443 4205 512 4270 sspit
520 4206 629 4267 Seneca,
641 4207 684 4271 qni
694 4221 738 4256 eus
748 4208 838 4258 reddit
878 4207 950 4258 cedit
959 4215 1004 4259 sut
1015 4209 1128 4270 invadit,
1145 4217 1173 4259 st
1181 4209 1243 4258 milvi
1259 4206 1410 4272 recipienti,

305 4279 374 4330 ultro
386 4281 506 4346 principi,
517 4287 546 4332 et
562 4283 672 4347 ipsemet
683 4281 835 4347 prestetur:
876 4283 937 4334 mibi
958 4285 1062 4350 privato
1081 4291 1137 4335 tots
1157 4283 1283 4335 incumbit
1301 4281 1409 4333 invidio
1464 4307 1472 4320 -
