3192 4909
521 425 567 473 rr
590 423 789 475 suoeussro
812 424 958 477 usuam.
1194 411 1282 482 21ss

185 572 297 646 sueta
318 564 409 651 quod
433 563 556 630 trustra
576 565 619 628 ab
640 563 736 628 inerti
761 564 898 642 anla,et
920 585 982 649 per
1001 565 1119 634 luxum
1142 569 1283 638 acint'a·

187 669 290 752 miam
317 665 516 752 nequissime
543 666 702 745 emollita,
735 668 904 749 sperabat.
961 666 1105 752 Jamque
1137 672 1231 736 missi
1259 688 1284 738 a

49 845 55 856 ¹
188 771 314 836 Senatu
335 770 464 852 equites
488 768 811 851 appropinquabant,
827 769 916 851 qnod
931 775 968 834 ut
984 769 1076 834 Nero
1092 776 1204 850 sensit,
1218 772 1283 853 ser·

187 890 262 938 rum
286 871 404 956 jugulo
429 868 550 949 adegit,
572 867 709 949 juvante
733 866 960 951 Epaphrodito
982 889 1005 933 a
1028 871 1160 949 libellis,
1182 873 1240 955 qui
1259 892 1284 940 a

187 973 384 1046 Domitiano
409 975 529 1053 postea
552 969 697 1046 occisus,
723 969 823 1033 istius
847 971 1000 1054 obsequii
1024 973 1169 1054 pretium
1195 972 1283 1052 tulit,

178 1075 366 1160 judicante,
389 1075 474 1135 ‘non
489 1070 622 1152 dignum
638 1071 767 1153 spiritu,
788 1073 845 1153 qui
867 1090 1079 1155 quocumque
1091 1073 1192 1139 modo
1206 1093 1283 1156 enm

185 1175 339 1259 Principi
366 1168 606 1256 expressisset?
658 1170 761 1235 Hunc
788 1172 867 1236 vita·
893 1173 1017 1238 exitum
1045 1174 1162 1239 hahuit
1188 1174 1283 1245 Nero

183 1277 255 1340 vita
268 1273 455 1360 pudendus,
469 1272 610 1355 imperio
634 1273 667 1336 in
688 1272 858 1354 publicum
881 1271 995 1336 odium
1019 1274 1176 1352 adducto,
1190 1277 1283 1343 nullo

181 1397 246 1442 nec
280 1383 371 1440 metu
394 1393 454 1438 nec
481 1393 591 1438 amore
617 1374 852 1457 subjectorum,
881 1375 1026 1439 secundo
1050 1381 1086 1438 et
1111 1378 1282 1457 trigasino

184 1480 307 1554 aetatis,
336 1479 384 1541 ac'
404 1475 652 1558 decimoquarto
675 1475 807 1558 imperii
829 1493 928 1551 auno,
951 1481 1074 1539 octavo
1094 1475 1148 1540 die
1169 1476 1282 1563 erii3

182 1577 272 1642 hand
285 1575 420 1640 modica
442 1576 504 1638 suh
528 1575 658 1640 initium
682 1576 813 1657 imperii
835 1575 954 1655 gratia,
968 1579 1007 1638 ut
1028 1574 1139 1639 dicere
1160 1579 1281 1644 solitus

181 1677 281 1742 fuerit
302 1677 480 1760 Trajanus‚
504 1677 634 1740 ‘bonos
661 1677 762 1741 etiam
791 1675 970 1758 Principes
991 1695 1058 1739 non
1081 1676 1280 1760 adaquasse

181 1777 305 1841 famam
321 1773 506 1840 Neroniani
522 1776 756 1860 quinquennii.’
800 1776 869 1840 Sed
884 1796 965 1840 mox
979 1795 1056 1841 cum
1068 1779 1234 1860 erupisset
1244 1781 1282 1846 'm

182 1876 356 1960 quodlibet
370 1876 515 1940 licentiae
538 1881 572 1940 et
587 1874 791 1940 cmdelitatis
813 1895 927 1958 genus,
941 1877 1050 1940 lentus
1071 1877 1108 1940 iu
1127 1881 1279 1961 negoffia

180 1978 295 2042 valido
309 1982 436 2042 tanturn
448 1977 483 2039 in
496 1976 624 2058 flagitia
637 1976 781 2058 ingenio,
805 1978 856 2040 sic
871 1975 1002 2042 tandem
1017 1996 1199 2061 oppressus
1220 1999 1279 2067 pc·

180 2078 246 2144 riit.

224 2178 309 2243 Post
322 2178 395 2261 ejus
409 2183 546 2244 mortem
561 2181 706 2264 populus
720 2188 753 2247 et
773 2181 939 2266 imprimis
959 2179 1114 2259 Nobiles,
1136 2182 1171 2246 in
1191 2199 1282 2266 quos

179 2279 363 2363 praesertim
387 2279 552 2356 secuerat,
579 2299 676 2344 sacra
701 2280 779 2345 Diis
804 2282 963 2358 fecerunt,
987 2265 1075 2345 actis
1101 2284 1198 2365 quasi
1219 2302 1280 2365 per

177 2381 348 2464 publicum
370 2379 527 2460 gaudium
551 2378 656 2444 iestis.
714 2381 786 2446 Alii
810 2401 941 2466 quoqne
964 2381 1082 2466 pileati
1105 2386 1176 2448 tota
1197 2384 1279 2448 urbe

178 2479 408 2560 dinumerant,
433 2480 531 2562 qnasi
555 2485 653 2563 parta
674 2482 837 2547 libertate.
880 2481 1022 2547 Senams
1036 2481 1078 2545 de
1098 2500 1188 2547 novo
1202 2501 1279 2548 car·

179 2581 254 2659 suit,
277 2580 419 2661 ‘gratias
433 2579 641 2663 Nymphidio
660 2583 819 2663 agendas,
834 2582 1036 2665 laudataque
1050 2581 1125 2665 ejus
1139 2581 1279 2664 pruden-

178 2679 236 2757 tia,
264 2685 297 2743 et
324 2679 409 2760 reip.
438 2679 540 2756 cnra,'
575 2680 697 2745 Galbae
723 2681 869 2744 decrevit
896 2684 1076 2744 consuetos
1110 2679 1279 2763 Principis

176 2777 328 2844 honores.
374 2777 417 2842 Et
430 2777 555 2842 factum
567 2797 666 2860 snper
680 2797 720 2842 ea
733 2799 771 2842 re
782 2778 1111 2855 senatusconsultum,
1125 2783 1277 2861 utquam

178 2882 347 2948 celerrime
375 2880 518 2944 adeum
546 2883 738 2958 mitteretur,
760 2881 914 2944 consules
943 2898 1081 2964 operam
1105 2880 1275 2946 dederunt.

176 2982 321 3047 Decreta
350 2999 485 3063 quoqne
512 2981 633 3063 legatio
661 3001 706 3046 ex
731 2983 941 3064 primoribus,
971 2981 1084 3046 addito
1110 2981 1276 3060 mandato,

175 3088 295 3166 prater
310 3081 566 3164 gratulationum
591 3083 750 3160 solennia,
765 3087 803 3146 ut
824 3088 993 3163 rogaretur
1014 3080 1183 3146 ‘Romam
1197 3100 1275 3164 pro·

174 3180 313 3266 perure?
356 3181 442 3246 Tum
456 3185 491 3244 et
504 3184 537 3246 in
552 3183 675 3246 Senatu
689 3182 911 3265 propositum,
933 3185 994 3246 ‘ut
1007 3182 1041 3244 in
1061 3186 1274 3246 aocnsmres

173 3279 409 3366 inquireretur!
453 3282 635 3364 Spectabat
651 3283 743 3347 idad
758 3283 880 3346 multos
892 3302 938 3346 ex
953 3281 1202 3365 potentissimis,
1215 3282 1275 3364 qui

173 3383 561 3466 proximorumpemioie
575 3383 748 3458 vixissent,
767 3385 864 3446 etsie
879 3380 1123 3465 quodammodo
1138 3381 1275 3446 convol-

172 3480 320 3547 lebantur
333 3501 455 3546 areana
476 3482 618 3564 imperii,
640 3483 767 3546 eversis
783 3482 858 3565 ejus
872 3481 1050 3565 praesidiis.
1095 3481 1273 3548 Nihilomi-

171 3601 234 3646 nus
260 3589 372 3646 tamen
395 3582 444 3645 illi
470 3579 554 3645 adeo
584 3580 772 3644 execranda
800 3581 948 3646 facinora
973 3587 1212 3665 perpetrarant,
1237 3590 1272 3649 et

172 3681 257 3748 adeo
285 3699 401 3744 recens
430 3681 591 3744 scelernm
619 3679 776 3744 memoria
804 3686 886 3759 erat,
916 3687 954 3746 ut
987 3684 1272 3750 senatusconsulto

172 3787 308 3848 ‘omnes
324 3781 494 3858 delatores,
511 3800 586 3844 cum
601 3781 728 3863 reliqua
751 3781 893 3845 Neronis
906 3782 1063 3861 factione,
1080 3783 1270 3866 judicaren-

172 3890 223 3949 tur
246 3882 405 3966 puniendi
429 3899 519 3944 more
543 3880 729 3963 majorum.’
772 3879 899 3946 sedin
923 3902 1054 3966 paucos
1079 3889 1205 3946 tantum
1224 3900 1271 3947 ex

168 3984 348 4050 intimis'id
370 3981 485 4059 valuit,
500 3982 679 4064 exquibus
700 3999 760 4044 nec
784 3981 926 4062 insignia
938 3982 972 4046 iu
987 3983 1072 4046 alios
1086 3981 1219 4056 damna,
1239 3980 1269 4045 si

166 4084 252 4151 salvi
265 4083 381 4160 forent,
396 4101 457 4148 nec
472 4083 506 4146 in
521 4081 688 4166 Rempnb.
704 4082 878 4146 commoda
890 4083 1061 4160 extabant,
1083 4079 1116 4146 si
1130 4078 1266 4143 damna-

165 4189 286 4264 rentur,
300 4185 483 4270 majorihus
496 4183 597 4250 facilc
612 4182 821 4250 eludentibus
834 4179 1032 4266 periculum.
