3192 4909
304 401 393 474 mn
658 417 698 465 er
714 414 898 464 cornuum
919 411 1050 464 raotrr
1242 407 1406 486 [annae.

306 561 487 632 Numinum
509 559 545 622 in
566 575 620 622 ree
646 557 821 622 Romanas
832 557 908 634 tuit,
927 576 1026 641 quam
1041 577 1117 633 non,
1130 563 1169 622 ut
1189 557 1223 621 in
1249 559 1406 625 cladibus

305 656 521 728 exercituumi
541 667 599 722 aut
613 659 807 742 captivitate
820 659 960 736 urbium,
976 659 1079 721 semel
1102 658 1235 724 editam³
1265 662 1406 726 transire

304 765 393 829 licet.
439 761 545 826 Detur
565 761 645 824 lroct
667 759 844 824 illustrium
857 761 1003 824 virorum
1027 761 1225 840 posteritati,
1248 767 1296 839 ut,
1319 781 1407 845 quoa

306 864 406 930 modo
427 861 578 944 exequiis
600 867 634 923 a5
648 861 840 942 promiscua
859 859 1043 942 sepultura⁶
1056 866 1263 944 separantur,
1286 863 1347 939 ita,
1368 866 1407 928 in

306 965 481 1029 traditione
502 980 744 1046 supremorum,¹
755 961 922 1044 accipiant
931 961 1139 1043 habeantque
1154 963 1322 1045 propriam
1336 983 1407 1028 me-

306 1087 456 1131 monam.

309 1207 425 1272 Remput.
447 1205 513 1254 nrm.
536 1205 582 1264 ira,
600 1220 680 1280 mum
684 1205 754 1254 eernel
769 1209 921 1253 memoratum
941 1206 1063 1267 preterire
1080 1220 1125 1254 aas
1145 1205 1209 1267 lieet,
1230 1209 1289 1269 qaod
1311 1208 1406 1270 quidm

308 1271 347 1333 tit,
376 1287 428 1320 rum
453 1271 576 1334 profligati
604 1268 728 1328 mantra,
761 1273 802 1316 unt
827 1275 969 1331 aepagrrmoe
996 1269 1064 1318 arbes
1091 1271 1409 1321 temulentiam

308 1343 336 1386 et
348 1335 494 1397 lwpoelerir
503 1337 607 1382 uirorum
624 1333 743 1393 notitiam,
754 1338 782 1381 nt
789 1347 833 1396 qao
843 1337 911 1394 perio
921 1333 1047 1392 fenerii„
1057 1349 1072 1381 a
1082 1334 1176 1394 raigeri
1191 1335 1310 1397 sepultam
1327 1351 1408 1396 ngre-

307 1400 452 1462 gratantia
471 1399 518 1446 et'
508 1413 533 1447 m
544 1397 679 1447 munnae
689 1368 796 1446 exit’uam
807 1411 910 1445 suornm
920 1398 1040 1447 obtimae
1061 1397 1204 1460 irimque
1213 1399 1319 1479 seorsim
1334 1401 1410 1449 lisia-

308 1464 368 1512 rt'um
378 1478 452 1512 mlum

771 1562 873 1582 ΟΙΝΜ
876 1562 947 1582 non

308 1669 381 1727 pont.
394 1669 523 1726 reponunt
533 1663 634 1711 ederint.
636 1665 682 1709 -8
700 1661 750 1711 Me.
759 1661 838 1711 Corb.
850 1669 878 1711 et
888 1662 967 1712 editio
980 1663 1110 1725 princeps,
1114 1665 1185 1713 ursel
1194 1663 1272 1713 edite:
1289 1663 1409 1713 Budeus.

309 1729 441 1777 edicta—4
460 1728 509 1776 Ms.
523 1725 586 1791 Rag.
602 1726 800 1775 deuteriam-6
817 1727 861 1775 Sic
874 1727 939 1776 bene
952 1727 1098 1776 Rhenanus,
1131 1727 1303 1776 Iureteribus
1315 1727 1409 1777 editio·

309 1792 393 1852 nibru,
404 1807 438 1841 uc.
446 1791 509 1840 Mar.
518 1790 678 1853 uprmirraa
679 1790 1046 1854 *supercaelestem
1058 1791 1131 1841 Harl.
1145 1792 1219 1841 Bodt
1229 1791 1409 1842 ,iesadditura

311 1863 399 1906 tamea
409 1855 436 1903 in
447 1856 561 1918 margine
571 1854 622 1905 Me.
634 1854 751 1906 Bodl.

809 1984 915 2036 NOTAE

310 2125 362 2163 uon
381 2113 458 2162 aliam
477 2109 654 2162 desertionem
677 2111 806 2176 exegerim
825 2128 841 2162 a
879 2114 953 2163 simul
966 2114 1065 2164 reniam
1076 2114 1143 2164 hane
1154 2114 1221 2178 petit
1231 2129 1247 2162 a
1258 2111 1409 2175 lectoribus,

310 2189 459 2249 lectoribus,
472 2201 518 2250 pro
534 2188 650 2250 segniter
662 2187 840 2250 pereuntibus,
878 2203 912 2238 ne
923 2189 1028 2240 eosdem
1039 2190 1149 2246 oderint.

311 2277 387 2328 quam
398 2271 432 2312 ne
451 2263 553 2312 oderint
570 2269 622 2312 tam
643 2263 756 2326 segniter
767 2277 840 2326 pere·
911 2265 987 2315 Petit
996 2267 1063 2315 nane
1072 2266 1171 2315 reniam
1183 2265 1303 2328 scriptor,
1319 2277 1353 2313 ne
1368 2262 1410 2312 ita

311 2347 396 2389 untes.
878 2340 963 2390 oderit
973 2356 1026 2402 eos,
1041 2349 1071 2390 ut
1088 2341 1231 2400 omitteret,
1246 2339 1409 2404 praeteriret·

343 2415 434 2464 Potine
456 2421 546 2478 petere
576 2413 679 2463 ridetnr
697 2414 802 2464 Tacitus
824 2429 840 2463 a
879 2431 929 2480 qne
940 2416 1057 2477 silenti03
1075 2424 1103 2465 et
1121 2411 1196 2465 affert
1213 2416 1347 2475 rationem,
1361 2427 1411 2463 eur

311 2491 409 2539 lectore
438 2490 547 2548 veniam,
573 2488 641 2551 qnod
670 2489 776 2538 taedium
803 2490 840 2538 illi
879 2505 924 2540 eos
934 2505 986 2540 nou
1006 2505 1109 2552 prorsus
1127 2490 1220 2549 oderit,
1230 2502 1333 2552 nempe,
1349 2487 1412 2552 qnia

312 2565 437 2615 erraverit
447 2563 615 2612 simititudine
627 2569 666 2612 tot
674 2577 776 2612 carrium
788 2580 840 2613 rne-
880 2565 930 2614 t'nlt
939 2567 1020 2614 veluti
1030 2563 1117 2615 fatalis
1135 2564 1177 2612 ilia
1189 2564 1301 2626 ignaria,
1317 2569 1345 2611 et
1356 2562 1412 2611 rel·

313 2645 484 2687 moratorum:
502 2638 548 2686 sed
564 2650 697 2702 quamnam
718 2638 765 2686 sibi
785 2639 840 2703 ipse
881 2639 920 2688 uti
939 2647 1035 2704 praeter
1045 2653 1142 2688 rnorem
1154 2642 1309 2701 geniumque
1318 2635 1412 2684 indolis

311 2713 488 2765 defensionem
501 2714 600 2776 exigit?
616 2727 662 2764 aon
672 2714 744 2763 mem
759 2723 841 2776 certe,
881 2713 955 2763 Rom.
968 2713 1067 2778 etquis
1085 2712 1184 2762 nobiles
1201 2711 1226 2760 hi
1245 2710 1413 2760 describendi

312 2805 398 2854 quarm
426 2803 527 2852 nempe,
548 2804 580 2838 ne
602 2790 658 2853 ipae
680 2789 766 2839 oderit
788 2797 841 2839 tam
881 2787 913 2838 ae
924 2789 1096 2849 distinguendi
1106 2786 1221 2836 fuerunt.

312 2866 585 2929 seguiterpereuuten.
913 2864 1071 2926 Igiturhaue
1084 2878 1158 2912 ranam
1172 2863 1272 2912 reniam
1283 2864 1352 2926 petit
1370 2867 1412 2911 tot

344 2943 413 2992 Nam
423 2941 443 2990 ai
451 2942 518 3005 petit
526 2941 575 2992 sibi
584 2939 758 2992 defensionem
767 2941 842 3006 hanc,
880 2953 984 2987 menam
1002 2939 1122 2987 similiani
1138 2945 1347 2999 memoratorum,
1362 2937 1412 2986 hoe

311 3018 472 3081 relegentes
482 3018 576 3066 oderint
595 3021 645 3066 tem
659 3016 765 3078 equitet·
774 3031 841 3080 pere·
880 3013 1256 3079 uuumpramium,(ut1.irins
1267 3013 1411 3075 inirioope·

311 3098 389 3153 sales,
399 3093 455 3156 jam
467 3107 517 3142 nou
529 3092 577 3142 albi
589 3093 688 3142 veniam
700 3092 777 3157 petit,
795 3094 841 3143 sed
880 3089 938 3152 ria)
954 3089 1050 3138 doloris
1066 3096 1094 3138 et
1110 3087 1211 3138 infeste
1228 3088 1366 3146 satietatis,
1377 3101 1412 3137 ue

313 3169 611 3232 segniterpereuutibun‚
619 3170 685 3232 qnod
694 3169 843 3229 eltrudem,
881 3178 975 3227 nempe
983 3165 1079 3224 aderit,
1089 3177 1134 3213 sen
1151 3178 1185 3212 ne
1198 3163 1283 3213 odisse
1293 3164 1413 3212 videatur

313 3251 429 3308 utsupra
442 3243 504 3292 diri.
538 3243 615 3293 Certe
627 3242 713 3304 potuit
723 3241 842 3291 defensio
882 3247 935 3289 tam
945 3241 1050 3302 segniter
1066 3246 1195 3304 percomta
1228 3242 1284 3290 Nee
1295 3240 1413 3289 excludit

312 3332 343 3368 an
365 3319 441 3367 venia
463 3317 518 3381 peti
540 3331 587 3380 pro
608 3317 727 3366 se-rimnl
743 3324 773 3366 et
795 3331 843 3380 pro
882 3316 1113 3365 eandemnteutem
1126 3317 1276 3379 legentium.
1345 3332 1349 3337 ’

312 3393 375 3456 ipris
396 3392 573 3456 pereuntibus,
604 3391 669 3456 quia,
684 3391 743 3439 odio
760 3392 844 3454 digni
916 3390 1108 3453 ¹Eaerritsam]
1136 3393 1347 3450 Exereitecaesn,
1361 3396 1412 3438 aut

313 3474 421 3530 prepter
432 3468 569 3532 ignaviam.
884 3473 964 3528 rapta
973 3466 1048 3524 urbe,
1060 3467 1261 3529 multiperennt,
1278 3465 1323 3513 aed
1334 3465 1412 3512 simul

318 3541 846 3605 -l'euiasimrrlalectoreetetiamaserip·
884 3548 913 3591 et
930 3542 1019 3598 umet,
1036 3550 1065 3590 et
1084 3541 1163 3590 etiam
1187 3542 1261 3590 simul
1281 3541 1412 3604 semelque

313 3621 370 3668 tore
386 3619 440 3681 peti
453 3621 550 3682 potuit:
568 3621 673 3684 utrique
689 3620 756 3668 eninr
771 3633 844 3669 arer·
885 3618 944 3667 tells
954 3617 1044 3666 clades
1054 3625 1211 3666 memoratur
1223 3617 1337 3674 auetortr
1352 3627 1413 3663 mox

312 3697 403 3741 sentin
414 3707 447 3740 ex
459 3707 533 3757 aeqno
543 3700 596 3742 tam
607 3692 722 3755 segniter
733 3707 843 3755 perenn·
883 3692 916 3742 ad
928 3692 978 3741 alia
987 3695 1083 3740 transit
1095 3692 1148 3750 ilie,
1168 3691 1238 3740 forte
1248 3692 1356 3749 latiora,
1367 3697 1412 3738 aut

313 3774 364 3829 tea,
372 3774 400 3816 et
408 3767 497 3816 eadem
507 3781 578 3816 mone
587 3781 643 3816 eene
651 3767 730 3817 debet
739 3769 843 3817 lentorls
883 3767 1094 3817 saltemdirerm.
1116 3767 1182 3818 Qua
1199 3782 1248 3816 nee
1266 3765 1344 3816 tedio
1356 3765 1412 3828 ipse

313 3857 344 3894 ae
354 3843 500 3906 scriptoria,
510 3842 593 3905 quoad
606 3855 689 3899 mans,
697 3849 726 3890 et
737 3849 845 3892 eventus
884 3843 1005 3906 scriptor,
1015 3850 1059 3891 ant
1073 3845 1157 3892 lector
1173 3843 1413 3892 satietatearersa·

312 3918 440 3978 historiae3
457 3925 486 3966 et
503 3915 718 3980 quenadmodum
734 3917 845 3964 satiatur
885 3927 936 3968 tur.
969 3919 1012 3966 stc
1023 3916 1112 3980 Agric.
1123 3923 1165 3967 44.
1178 3918 1211 3966 de
1228 3917 1344 3966 Domit.‘
1354 3914 1413 3966 Nm

313 3991 844 4056 etiatiqatnrlectorsimilitudtnecaeunm
879 3993 935 4056 jam
955 4007 1004 4055 per
1024 3993 1161 4041 intervalla
1190 3990 1413 4054 temporam-aed

313 4069 520 4130 annumeret
531 4067 653 4130 scriptor.
687 4066 773 4130 Igitur
784 4081 844 4116 rum
883 4068 1005 4116 continuo
1019 4074 1048 4117 et
1059 4069 1130 4118 reiut
1140 4081 1193 4118 nno
1212 4069 1267 4117 ieta
1286 4067 1420 4131 Renum

313 4146 362 4196 sibl
373 4146 472 4195 reniam
482 4145 678 4209 petitseriptor,
686 4143 767 4192 vetuti
780 4156 846 4204 pra-
883 4142 1019 4194 exhausit?

312 4215 843 4286 miumlaborladolorlaqu031ieettactte
926 4259 931 4268 .
