3192 4909
555 419 602 467 ιτ
624 413 821 470 suoosssro
840 411 986 474 cetos.
1220 389 1309 478 218?

216 565 326 630 um
350 560 393 627 do
421 580 460 626 so
483 561 720 644 pmnoutierit
777 559 854 628 Nec
881 565 1138 632 coemissorem
1164 564 1310 650 admisit,

217 663 322 730 donoc
333 665 475 729 Senatus
489 661 646 741 Galbam,
659 667 817 747 tanquam
831 669 843 698 ‘
856 664 989 730 bostilie
1001 667 1038 731 in
1051 666 1173 752 Remp.
1188 669 1309 752 agitas·

216 764 288 842 set}
301 765 527 849 proscriberet.
572 763 616 828 Et
637 783 713 830 cum
738 768 890 849 prosperi
910 768 1068 851 quiddam
1094 767 1312 836 eGermm

216 866 399 930 nuntiatum
420 874 518 944 esset,
532 865 629 931 rediit
650 865 693 931 ad
706 885 814 932 mores
834 869 918 932 luxu
938 873 971 932 et
992 868 1125 933 infunde
1135 870 1312 936 securitate

215 965 376 1049 perditos.
418 964 538 1030 Galbae
553 965 658 1030 servis
672 968 707 1030 in
723 987 886 1032 carcerem
899 970 1076 1052 conjectis,
1090 971 1179 1034 bena
1196 987 1311 1035 eornm

217 1066 324 1134 basta
337 1067 489 1152 subjecit.
535 1065 731 1134 Consimilis
747 1071 815 1153 egit
827 1071 861 1134 in
881 1069 1058 1155 Hispaniis
1072 1068 1197 1148 Galba,
1211 1069 1311 1135 bonis

219 1165 364 1234 Neronis
389 1169 512 1233 ibidem
532 1189 594 1252 per
605 1171 981 1252 auctionesdistractis3
1004 1171 1063 1236 sed
1085 1172 1223 1236 meliore
1246 1170 1313 1234 sor-

215 1271 299 1332 tum
326 1269 401 1348 fori,
429 1270 550 1336 multos
566 1272 762 1354 promtiores
785 1272 830 1337 ud
854 1273 1024 1338 eruendum
1051 1273 1183 1357 reperit,
1211 1289 1312 1356 quum

219 1366 324 1436 Nero.

263 1469 367 1538 initio
382 1476 494 1542 statim
514 1478 685 1557 tumultus,
697 1479 803 1544 multa
819 1483 853 1542 et
875 1479 1030 1543 immania
1052 1478 1195 1543 creditur
1213 1475 1315 1542 desti·

200 1569 327 1653 nasse,
351 1579 586 1644 ‘successores
599 1597 883 1664 percussoresque
898 1581 1090 1644 submittere
1109 1579 1228 1662 legetis
1253 1597 1314 1643 ex·

219 1677 343 1742 orcitus
356 1681 390 1743 et
403 1681 594 1762 provincias
607 1684 803 1765 regentibus,
818 1683 916 1765 quasi
933 1682 1144 1765 conspiratis,
1158 1679 1314 1762 idemque

220 1783 255 1842 et
267 1797 369 1844 unum
384 1782 617 1847 sentientibus:
650 1782 811 1867 quicquid
840 1783 965 1867 ubique
984 1783 1130 1858 exulum,
1150 1777 1314 1863 quioquid

219 1879 256 1943 in
270 1881 349 1945 urbe
374 1882 542 1946 hominurn
554 1882 802 1950 Gallicanorum
826 1890 926 1962 esset,
949 1882 1198 1948 contrucidaret
1223 1880 1314 1956 ilios,

219 1982 539 2050 nedesciscentibus
553 1990 821 2068 aggregarentur3
847 1985 920 2062 bos,
943 1989 980 2048 ut
1006 1985 1160 2049 conscios
1174 1980 1315 2066 popula·

220 2079 305 2148 rium
327 2103 461 2149 suorum
483 2091 583 2170 utque
603 2086 772 2151 fautoress
793 2085 925 2151 Gallias
939 2085 1140 2150 exercitibus
1158 2083 1317 2165 diripien-

221 2181 284 2247 das
298 2186 494 2267 permittere.
538 2187 698 2252 Senatrnn
722 2189 914 2253 universum
936 2205 1062 2252 veneno
1085 2205 1145 2268 per
1161 2180 1318 2247 convivia

220 2301 352 2362 necare,
377 2285 513 2351 Urbem·
526 2287 711 2367 incendere,
727 2288 805 2354 seris
824 2291 859 2354 in
880 2288 1044 2372 populum
1063 2285 1234 2360 immissis,
1249 2299 1317 2366 qno

221 2383 390 2451 difficilius
398 2387 647 2454 defenderetur?
690 2389 757 2455 Sed
772 2391 976 2467 absterritus,
991 2407 1058 2453 non
1071 2393 1139 2453 tam
1152 2385 1316 2469 poeniten·

224 2485 367 2564 tia‚cum
380 2507 444 2553 non
455 2489 745 2556 abborrerentbeec
760 2497 909 2555 enatura
923 2491 1007 2575 ejus,
1021 2509 1121 2575 quam
1128 2481 1321 2571 perficiendi

23 2648 30 2677 ,
130 2609 132 2614 ’
222 2585 462 2670 desperatione,
478 2591 618 2657 credidit
630 2593 876 2676 expeditionem
893 2592 1129 2668 necessariam,
1144 2588 1320 2673 premisso

221 2688 351 2752 interim
372 2690 528 2755 Petronio
542 2691 744 2774 Turpiliano,
760 2698 793 2756 et
806 2692 934 2756 Rubrio
946 2691 1058 2769 Gallo,
1071 2691 1211 2771 aliisque
1225 2685 1320 2752 duci·

222 2788 298 2852 bus.
356 2789 398 2852 In
422 2789 645 2874 praeparanda
668 2791 879 2874 expeditione
902 2792 1044 2875 primam
1063 2809 1178 2855 curum
1203 2786 1321 2853 babuit

222 2887 388 2972 deligendi
404 2891 567 2968 vehicula,
589 2890 763 2975 portendis
777 2891 921 2957 scenicis
944 2890 1087 2973 organis,
1100 2889 1321 2955 concubinos·

222 3009 291 3075 que
311 3009 399 3076 quas
414 3011 529 3058 secum
548 2993 714 3073 educeret,
734 2993 889 3058 tondendi
911 2993 955 3058 ad
977 2992 1104 3058 virilem
1127 2991 1273 3068 modum,
1287 2993 1322 3053 et

224 3093 396 3158 securibus
418 3094 584 3179 peltisque
619 3093 847 3160 Amazonicis·
872 3095 1064 3161 instruendi.
1096 3093 1184 3158 Mox
1214 3091 1320 3156 tribus

224 3195 368 3260 urbanas
382 3193 448 3258 ‘ad
462 3197 723 3262 sacramentum'
746 3197 872 3275 citavit,
888 3217 929 3262 ac
943 3198 1035 3262 nullo
1056 3195 1177 3260 idoneo
1187 3211 1323 3275 respon·

224 3293 332 3374 dente,
342 3300 353 3331 ‘
363 3299 487 3362 eertum
497 3292 640 3363 dominis
649 3297 1003 3364 servornmnumernm’
1016 3297 1151 3362 indixit.
1165 3295 1323 3360 ‘Partem

226 3396 330 3462 etiam
343 3415 461 3461 census
479 3417 592 3464 omnes
606 3398 739 3464 ordines
753 3397 918 3464 conferre’
935 3398 1047 3483 jussit,
1062 3397 1230 3480 plerisque
1250 3409 1323 3458 orn·

225 3513 302 3560 nem
314 3497 522 3563 collationem
536 3500 649 3582 palam
657 3501 896 3564 recusantibus.
941 3498 990 3563 Ut
1003 3499 1090 3563 enim
1104 3516 1196 3562 arma
1208 3494 1323 3563 civilia

226 3597 361 3663 minime
385 3598 568 3681 procedunt
592 3599 664 3664 sine
687 3599 874 3684 stipendiis,
901 3617 1008 3683 neque
1028 3602 1147 3662 temere
1169 3596 1322 3661 subditos

226 3698 324 3764 roris
336 3697 474 3764 divexat
494 3700 626 3766 tributis
639 3701 785 3788 prudens
796 3701 972 3787 Princeps,
981 3701 1039 3766 nbi
1047 3701 1195 3766 maxima
1208 3715 1322 3763 eorum

724 3891 833 3944 Now

267 4021 461 4088 ‘Amarisl
494 4021 647 4083 Anemosa,
665 4019 755 4086 popuii
796 4011 1324 4076 mteummmtnpmtoregiooe

228 4100 359 4151 semotim
372 4097 495 4152 Asiatica
506 4099 539 4151 sd
547 4099 698 4158 meridiems
709 4097 755 4148 iro·
796 4091 1178 4159 muniremus-drentem
1186 4089 1322 4141 Ermum.

228 4175 271 4226 die
300 4167 399 4227 'Mara'
423 4177 536 4239 Cicerei,
560 4176 602 4226 rei
627 4173 756 4236 cimae,
799 4173 922 4224 iidem.

227 4251 297 4302 inter
306 4249 665 4317 bioccorismettieorgism.
689 4249 756 4300 soe·
