3192 4909
331 400 421 470 niu
737 414 839 468 ueras
859 413 1029 468 serente

330 561 409 630 culo
429 556 588 624 absistere
607 561 748 641 poterat.
792 555 1107 640 GalviaGripinilla
1126 555 1329 624 inNeronls
1349 555 1431 627 Bl-

331 681 406 730 Μ
418 660 574 725 libidines
587 663 744 737 msumta,
755 678 832 723 cum
844 665 924 742 post
936 659 1010 739 ejus
1023 665 1163 722 mortem
1175 659 1242 721 sibi
1255 664 1432 740 mtntxut,

331 766 367 830 in
380 761 530 826 Africam
554 762 709 846 trajecit·
741 760 838 826 lllius
860 760 1009 827 consiliis
1037 777 1118 826 usus
1142 760 1270 838 Macer,
1293 763 1434 844 provin·

332 865 431 941 dam,
446 881 513 948 qua
534 863 618 928 mari
641 863 799 940 imminet,
816 861 985 945 praesidiis
1007 856 1127 938 tirmat,
1141 862 1253 926 velitis
1274 860 1433 926 frumenti

332 964 642 1042 transvectionibus,
656 963 799 1028 &mem
814 962 901 1028 lame
914 981 1097 1045 pressmms.
1143 959 1433 1044 Fonteiumcupi·

332 1070 453 1143 touem,
467 1065 631 1142 inferioris
643 1063 832 1130 Germaniae
846 1064 1004 1145 legatum,
1018 1063 1146 1147 aliquid
1160 1083 1223 1146 pro
1235 1082 1274 1126 se
1286 1063 1435 1144 egitras·

334 1167 424 1238 lama
437 1172 499 1232 est.
543 1164 717 1230 Affirmant
740 1185 829 1242 cum,
843 1184 920 1229 cnm
938 1166 1005 1249 juri
1018 1164 1165 1228 dicundo
1178 1163 1384 1247 praesideret,
1399 1167 1434 1226 st

334 1270 404 1348 ille,
418 1273 533 1333 contre
547 1287 645 1350 quem
657 1272 727 1331 erat
740 1267 1007 1348 pronunciatum,
1031 1265 1236 1349 appellasset
1248 1264 1433 1342 oswen,

334 1377 405 1438 tum
433 1370 617 1433 surrexisse
646 1369 815 1451 altiusque
835 1367 1071 1432 oomceudisse
1094 1368 1301 1444 wbselben,
1319 1369 1432 1451 jusso,

337 1471 421 1554 ‘qni
443 1470 551 1534 rictus
573 1475 655 1547 erat,
675 1489 831 1553 perorare
858 1487 996 1552 causam
1020 1467 1218 1534 incesseris
1243 1467 1433 1533 auditoria'

337 1571 404 1640 sed
427 1569 553 1635 Fabius
567 1559 698 1664 Valens
719 1569 858 1652 legionis
878 1569 1003 1636 ibidem
1024 1569 1165 1650 legatus,
1179 1567 1301 1634 Gelbes
1322 1573 1434 1651 perses

288 1745 295 1754 ,
336 1674 513 1756 amplexus
532 1677 614 1749 erat,
626 1671 815 1755 primusque
836 1690 915 1736 cnm
934 1689 998 1734 suo
1018 1671 1124 1736 milite
1149 1672 1185 1736 in
1205 1671 1281 1754 ejus
1300 1672 1435 1736 unusiit

337 1778 587 1850 sacramentum,
606 1774 801 1855 exemplum
827 1777 983 1856 sequente
1005 1778 1076 1836 totu
1097 1774 1245 1837 exercitu
1269 1771 1435 1836 inferioris

338 1873 537 1940 Germaniae.
581 1873 716 1937 Etiam
730 1872 913 1954 Verginius
932 1872 1026 1938 solus
1046 1870 1433 1938 exafimuaemrtielbe

337 1969 465 2050 rivalis,
476 1971 549 2055 jam
563 1973 693 2052 clarior,
707 1992 872 2057 oppresso
885 1971 1039 2051 Vindice,
1049 1978 1094 2050 et,
1109 1973 1293 2056 perdomita
1301 1971 1432 2051 Galliac

207 2125 211 2132 .
339 2077 375 2136 et
396 2073 464 2152 ille,
485 2091 674 2156 quanquam
693 2093 715 2138 a
734 2075 906 2151 militibus,
919 2075 1076 2156 evulgata
1088 2072 1234 2138 Neronis
1246 2078 1364 2151 morte,
1383 2074 1435 2137 ita

337 2179 515 2256 urgeretur,
543 2179 581 2238 ut
606 2173 774 2240 Tribunus
801 2175 902 2241 etiem
928 2177 1043 2240 stricto
1069 2174 1156 2240 ferro
1185 2174 1332 2258 juberet,
1351 2177 1435 2240 ‘aut

338 2272 431 2352 illud,
447 2277 502 2338 aut
516 2274 691 2356 imperium
705 2272 880 2356 accipere,'
893 2292 916 2336 a
939 2275 1112 2358 proposito
1135 2296 1174 2340 se
1195 2283 1307 2340 tamen
1328 2275 1435 2340 dune-

338 2373 409 2441 veri
422 2390 628 2457 nequaquam
643 2391 766 2457 passus
776 2377 838 2438 est.
881 2371 1006 2438 Postea
1018 2377 1150 2459 cognito
1164 2377 1310 2441 Senatus
1322 2375 1433 2441 decre·

338 2477 384 2550 to,
399 2485 518 2556 sponte
531 2473 599 2552 ille,
612 2476 778 2539 exercitus
799 2480 911 2540 autem
932 2493 1031 2556 tegre,
1043 2483 1078 2542 et
1096 2478 1228 2542 nonnisi
1248 2476 1308 2541 diu
1328 2478 1434 2544 relue-

339 2573 440 2648 tatns,
456 2575 467 2604 ‘
482 2574 517 2636 in
531 2574 634 2638 verba
647 2572 778 2638 Galbee'
787 2576 924 2657 jurarit,
938 2594 1015 2642 cum
1024 2575 1097 2659 jam
1108 2576 1240 2642 inferior
1250 2575 1435 2642 Germania

278 2743 280 2750 ,
339 2680 546 2746 sacramento
560 2673 634 2758 ejus
647 2679 738 2742 esset
749 2675 888 2743 eduam
910 2682 944 2742 et
965 2682 1102 2742 secutus
1124 2686 1277 2743 moxest
1291 2679 1435 2762 relique·

338 2792 411 2838 rum
424 2776 666 2858 provinciarum
680 2797 869 2844 consensus.

382 2874 496 2941 Galba
505 2877 699 2944 ordinandis
713 2879 852 2963 Imperii
864 2882 964 2946 rebus
975 2883 1127 2962 intentus,
1141 2883 1294 2950 civitates
1306 2884 1435 2969 Hima-

340 2975 469 3042 niarum
482 2997 558 3062 quse
571 2981 779 3049 cunctantius
792 2982 858 3048 sibi
880 2989 1105 3062 accesserant,
1121 2988 1132 3020 ‘
1146 2985 1353 3066 manedbus
1375 2987 1434 3052 tri·

339 3075 451 3155 butis,'
466 3079 629 3164 quasdem
650 3083 751 3148 etiarn
769 3088 779 3118 ‘
794 3103 963 3150 murorum
984 3086 1214 3153 destructioue’
1227 3089 1378 3170 punivit3
1398 3093 1435 3152 ct

340 3178 541 3260 praepositos
566 3187 868 3266 procuratoresque
888 3187 1058 3268 supplicio
1078 3189 1200 3270 capitis
1213 3186 1334 3265 affecit,
1355 3207 1435 3252 cum

340 3276 538 3360 conjugibus
561 3301 603 3346 ec
625 3282 749 3349 liberis.
794 3283 874 3362 Quo
894 3287 984 3351 facto
1007 3289 1155 3354 excessit
1166 3288 1310 3354 Neronis
1328 3290 1434 3353 steri·

340 3375 433 3456 tiam,
447 3386 565 3463 preter
578 3383 724 3447 omniurn
739 3387 1016 3468 expectabam,
1038 3393 1071 3452 et
1091 3389 1226 3470 quidem
1245 3389 1434 3471 principatu

339 3478 483 3544 nondum
508 3479 634 3546 adulto.
678 3483 847 3549 'lisbonio
867 3485 1067 3552 Garrutiauo
1080 3486 1206 3553 Africae
1230 3489 1434 3571 procuratori

340 3578 504 3662 praecipit,
521 3582 728 3648 ‘interimere
745 3582 909 3664 Macrum,
930 3606 1046 3652 reeens
1068 3590 1291 3672 conscriptam
1313 3588 1364 3652 ibi
1384 3589 1434 3654 le·

340 3677 471 3760 gionem
499 3680 679 3778 dimittere,²
694 3687 923 3770 regionemque
944 3688 1036 3752 illam
1065 3690 1170 3753 turbis
1198 3709 1338 3773 purgare
1347 3689 1368 3755 :’
1397 3695 1435 3754 et

341 3775 498 3842 suffectus
512 3780 732 3864 estVergiuic
747 3785 962 3853 Hordeonius
977 3788 1131 3868 Flaccus,
1145 3791 1204 3874 qui
1225 3797 1295 3853 tum
1314 3790 1434 3854 utrius-

340 3895 406 3959 que
420 3877 609 3947 Germanice
621 3883 749 3964 legatus
762 3887 836 3951 luit.
879 3888 966 3954 'lium
987 3909 1090 3956 senex
1111 3889 1288 3973 paludatus
1307 3892 1370 3954 iter
1382 3891 1434 3956 in·

340 3997 474 4061 messus
488 3990 548 4063 est,
563 4005 603 4050 ac
618 3986 820 4071 dependente
840 4009 863 4054 a
876 3992 1062 4056 cervicibus
1082 3992 1239 4073 pugione,
1253 4009 1317 4056 nec
1341 3993 1434 4074 prins

341 4103 438 4172 usum
462 4093 548 4172 tegre
565 4089 786 4174 recuperavit,
808 4109 910 4172 quam
922 4093 1095 4176 oppressis
1109 4093 1168 4175 qui
1181 4111 1285 4156 noras
1298 4109 1433 4156 resmo·

201 4240 209 4254 .
265 4283 273 4307 ι
340 4186 512 4256 liebantur.
555 4189 809 4278 Galliarumque
821 4192 986 4273 civitates,
1000 4192 1140 4260 Vindici
1156 4195 1306 4259 resistere
1319 4209 1432 4272 suam,
