3192 4909
182 411 317 476 J.c.ea.]
532 403 737 456 tantumn
762 407 835 454 ura.
859 407 940 455 xvt.
1191 387 1280 460 ‘2053

184 556 364 618 sententias
387 551 541 637 judicum
564 551 795 634 opperiebatur
816 551 908 614 licto·
927 571 1063 635 pavore.
1107 551 1152 616 Et
1179 552 1278 634 plebs

182 653 314 734 quidem
339 651 480 728 urbis1‚⁷¹’
514 651 708 714 histrionum
731 671 862 734 quoque
890 659 1002 733 gestus
1024 653 1143 737 juvare
1169 652 1278 726 solita,

183 756 382 836 personabat
401 753 499 817 certis
520 752 631 815 modis
652 753 838 835 plausuque
863 752 1076 835 composito?
1120 751 1278 816 Crederes

182 960 243 1008 siem
253 962 383 1018 number,
389 957 526 1021 expectabat
536 957 774 1018 mariamnam
783 957 893 1006 situlam
903 961 975 1007 metm
1011 957 1044 1006 m
1058 957 1153 1020 quiden·
1160 955 1280 1019 plebecula

182 1024 272 1074 arbane
289 1023 496 1074 minorennium
512 1022 806 1084 animaduerterunt,
823 1028 959 1072 mettun
976 1021 1080 1084 «aaut
1088 1024 1161 1072 eene
1171 1022 1245 1072 nodis
1254 1027 1278 1070 et

641 1164 819 1184 Oenonen„

183 1273 210 1322 in
229 1273 280 1323 llls.
291 1272 358 1323 ntor.
370 1272 477 1337 aliisque
488 1272 560 1323 libris
571 1273 676 1336 scriptis
692 1277 792 1321 etanta
804 1272 889 1323 editis.
905 1273 1063 1324 arom-r
1078 1273 1123 1324 Sic
1134 1273 1200 1324 bene
1212 1273 1278 1323 blaa.

183 1338 245 1400 Reg.
257 1337 335 1387 Corb.
347 1337 429 1386 editio
441 1336 561 1401 princeps
580 1343 609 1400 et
626 1337 792 1386 recentiores.
819 1337 859 1386 ln
870 1337 934 1387 blas.
947 1337 1020 1387 llari.
1032 1337 1109 1390 Bodl.
1118 1337 1174 1390 lea
1188 1346 1216 1389 et
1227 1339 1281 1387 Pu·

678 1468 787 1518 NOTAE

183 1593 242 1628 nent
254 1579 373 1642 praeite,
381 1581 450 1644 quod
462 1581 630 1631 colluvionem
642 1581 711 1630 illam
752 1589 814 1644 quat
825 1581 858 1631 ab
869 1580 921 1630 alia
932 1579 1008 1643 plebe
1014 1578 1171 1639 subrustice,
1181 1591 1281 1638 revera,

184 1653 305 1703 adoraret
315 1669 383 1716 genu
393 1651 519 1716 flexus,et
527 1656 618 1706 babitu
630 1655 711 1705 citha·
751 1664 778 1706 et
790 1659 901 1718 integra,
914 1670 970 1720 quar
983 1653 1139 1704 adveniebat
1150 1655 1281 1703 cremetis

187 1729 261 1778 roedi.
752 1732 907 1795 municipiis,
925 1733 1085 1795 ‘severaque
1097 1738 1125 1780 et
1133 1731 1283 1793 incorrupta

216 1803 292 1854 Quod
303 1818 395 1868 nempe
404 1813 573 1856 veneraretur
583 1807 711 1857 sordidam
753 1808 848 1869 ltalia,'
857 1815 885 1856 et
896 1806 957 1857 talia
966 1806 1082 1857 lasciviae
1093 1807 1237 1870 inexperta.

182 1880 253 1930 illam
265 1881 440 1945 plebemque
450 1879 576 1946 flagitium
589 1885 712 1947 principis
783 1890 794 1916 Ι
813 1883 893 1932 Certis
901 1883 987 1943 ndis,
999 1883 1129 1946 pluraque
1148 1880 1283 1945 confite]

185 1963 213 2003 et
224 1954 336 2004 dedecus
355 1957 464 2020 Reipub.
481 1971 530 2006 non
542 1959 658 2018 curabat,
669 1959 713 2007 im·
751 1957 803 2006 Ars
822 1957 901 2018 enim,
916 1957 937 2005 si
957 1958 1015 2006 Diis
1036 1959 1131 2020 placet,
1147 1959 1282 2022 utriusque

184 2043 226 2077 mo
248 2037 276 2078 et
297 2031 428 2080 incitabat.
467 2033 560 2097 Neque
580 2035 647 2097 eninr
669 2035 714 2083 illa
753 2033 810 2082 rei:
828 2033 996 2095 acclamandi,
1007 2040 1036 2083 et
1049 2033 1196 2096 plaudendi.
1230 2032 1282 2082 lta·

183 2109 317 2158 veneratio
327 2110 462 2170 spectabat
475 2113 507 2160 ad
523 2112 657 2176 primores,
669 2118 714 2161 aut
753 2123 803 2172 qne
815 2109 896 2170 addit,
907 2111 914 2136 ‘
927 2123 984 2156 cnm
1004 2107 1123 2156 manibus
1141 2107 1233 2157 nesciis
1244 2106 1282 2154 fn·

184 2181 316 2246 Senatum,
337 2191 383 2233 artt
405 2184 437 2233 ad
463 2187 588 2250 optimam
612 2195 712 2251 partem
753 2185 1155 2248 timerent,turbareutwarns!

184 2257 290 2321 populi,
328 2273 384 2308 nam
415 2260 460 2309 ltos
490 2271 562 2312 certe
584 2265 715 2313 hostiliter
786 2263 818 2312 la
835 2261 923 2311 edicto
938 2260 1091 2310 'l'lreodorici
1109 2259 1178 2323 regis
1194 2259 1283 2322 adpo·

185 2334 352 2382 aversabatur
361 2335 441 2398 Nero,
451 2345 481 2387 nt
493 2340 653 2390 notissimum
665 2347 714 2390 est.
755 2339 843 2401 pulum
855 2337 928 2386 Rom.
939 2335 982 2385 ΙΙΙ).
995 2349 1015 2384 t.
1027 2336 1126 2384 Variar.
1150 2335 1284 2384 Cassiodo-

218 2409 438 2475 Moaveererotus]
465 2415 537 2466 Suet.
559 2415 651 2465 Claud.
674 2421 714 2467 12
755 2415 793 2464 ri:
822 2413 935 2462 ‘Soletis
955 2411 1017 2460 adra
1041 2411 1124 2475 ipsum
1153 2409 1282 2460 mellifluis

184 2483 412 2549 ‘Cognitionibus
445 2491 653 2556 magistratuum,
686 2501 714 2544 ut
757 2491 867 2555 implere
883 2489 1227 2550 clamoribus,etunoaano
1245 2487 1283 2536 di-

185 2575 250 2610 nuus
263 2562 294 2610 de
304 2565 464 2628 consiliariis,
473 2567 624 2632 frequenter
635 2571 713 2620 iuter·
753 2580 824 2626 cere,
836 2564 904 2629 quod
922 2565 991 2627 ipsas
1010 2578 1112 2629 quoque
1129 2564 1227 2614 belluas
1241 2565 1284 2612 de-

184 2635 242 2687 fnit.
277 2639 310 2688 Et
324 2640 429 2690 eosdem
449 2645 597 2705 rpeeracnta
608 2643 714 2694 mentes
754 2640 943 2700 lectetaudirc,
962 2647 991 2689 et
1008 2638 1130 2702 profertis
1149 2655 1227 2690 voces
1243 2656 1283 2689 or·

185 2727 292 2776 surgens
313 2722 341 2764 et
363 2715 418 2778 ipae
440 2731 498 2765 cum
518 2725 607 2768 cetera
629 2722 714 2782 turba,
754 2729 822 2778 gono
836 2716 982 2775 dulciores;
1007 2715 1089 2777 etita
1104 2714 1153 2763 sub
1172 2716 1284 2778 quadam

184 2795 252 2838 voce'
261 2802 291 2839 ac
303 2805 378 2839 manu
389 2799 527 2842 veneratus
538 2801 586 2844 est.
754 2790 999 2840 narmoutacituara
1007 2791 1285 2841 concavnmtlteatrum

217 2872 228 2898 ¹
246 2866 328 2930 Ficto]
349 2868 398 2916 Vel
410 2868 503 2930 reipsa,
515 2872 554 2918 vel
566 2877 715 2934 pererrem,
757 2879 804 2931 per
820 2881 864 2916 vos
881 2873 993 2925 resonat,
1003 2873 1033 2914 ut
1052 2872 1125 2916 tonos
1137 2868 1218 2930 possit
1230 2871 1284 2932 qui·

184 2943 218 2992 de
245 2951 341 2994 eventu
360 2945 453 3008 judicii
479 2947 645 3010 trepidabat:
678 2949 717 2998 aio
756 2941 1188 3006 tibetcredere.quamclamores.’

185 3017 256 3070 Hist.
269 3024 339 3069 noa.
372 3022 515 3071 ‘Claudius
534 3023 629 3073 Cosano
648 3039 713 3073 unus
787 3018 950 3069 Modnlatum
968 3019 1036 3066 bunc
1064 3020 1213 3076 clamorem,
1233 3035 1286 3068 M·

183 3109 216 3142 ex
235 3096 326 3158 legatia
338 3095 539 3156 untalacundiu,
550 3099 594 3147 scd
611 3099 713 3149 dicendi
753 3099 849 3143 curva
864 3094 982 3157 appellat
1003 3093 1102 3142 Plinius
1121 3090 1147 3142 iit
1167 3096 1286 3159 Panegy-

185 3175 268 3218 nrtent
290 3176 350 3233 apta
372 3173 545 3234 trepidatione
571 3176 713 3233 occultant.
755 3169 825 3217 110⁰:
843 3167 1017 3230 ‘Etlwlwlsss
1035 3168 1138 3230 quidem
1150 3171 1224 3219 Rom·
1240 3171 1285 3219 de·

185 3251 264 3308 atque
277 3259 307 3293 eo
320 3245 437 3309 validior,
448 3247 535 3296 militia
547 3249 657 3298 animum
669 3250 712 3300 mi·
754 3246 851 3294 lectum
868 3244 1012 3307 principum
1028 3252 1285 3311 servat,qnantoqne

187 3321 295 3386 ligavit.¹
755 3321 833 3384 panio
842 3329 902 3368 ante
913 3327 1042 3369 concentu
1051 3318 1188 3370 formosum
1197 3322 1284 3384 alium,

220 3397 289 3446 Ficta
303 3397 399 3461 potore]
426 3397 512 3449 Iustar
531 3400 639 3450 bominis
662 3417 714 3452 me.
754 3394 996 3444 buuclortissimuru
1014 3405 1145 3459 personat.
1179 3397 1286 3447 'iliano-

186 3473 291 3532 tnentis,
303 3476 374 3538 quasi
387 3475 420 3524 de
428 3476 523 3538 judicii
534 3486 629 3526 eventu
641 3477 714 3528 dubi·
755 3479 808 3531 0⁸¹2
827 3469 947 3534 Ei’ltili‘m
968 3471 1063 3532 (κβοᾶν,
1085 3473 1112 3520 in
1135 3472 1283 3524 Pertinace.

186 3551 270 3596 taret:
291 3549 410 3611 pavebat,
421 3565 466 3600 seu
478 3567 573 3615 pavere
591 3552 715 3617 lingebat,
754 3548 858 3611 [αἱρεῖν.

187 3627 216 3671 'ut
234 3622 271 3672 sic
293 3632 373 3672 artem
395 3631 475 3672 totam
493 3629 661 3690 exprimeret,
672 3645 713 3678 ve·
787 3623 880 3686 Mortis]
901 3625 974 3673 Suet.
989 3625 1053 3673 Ner.
1079 3625 1182 3674 ‘Divisi
1193 3625 1219 3674 in
1231 3623 1284 3677 fae·

187 3713 293 3764 rumque
313 3698 437 3747 artificem
456 3701 492 3748 sic
506 3717 533 3750 se
550 3704 714 3766 approbaret.
754 3699 837 3748 tiones
846 3701 979 3763 plausuum
989 3714 1085 3762 genera
1095 3701 1287 3767 condiscerent,

187 3775 284 3837 snpra:
313 3777 433 3837 ‘aequum
452 3776 574 3826 adversus
594 3781 716 3829 aemulos!
755 3790 912 3839 operamque
935 3785 1060 3824 navarent
1079 3778 1194 3826 cantanti
1211 3777 1285 3837 aibi5'

188 3851 264 3914 Apud
274 3851 345 3900 Suet.
363 3853 500 3903 ‘Quantus
512 3853 605 3903 artilex
619 3857 715 3918 pereo:
756 3865 858 3914 nempe,
869 3865 932 3899 voce
952 3851 1110 3914 plaudebant
1120 3860 1147 3901 et
1159 3852 1284 3901 manibus.

186 3923 316 3989 inquiebat
332 3929 397 3990 ipse,
410 3943 502 3991 nempe
513 3944 570 3978 cum
582 3931 716 3982 damnatus
756 3927 815 3979 Jam
837 3927 897 3975 olim
919 3927 1010 3976 Cicero
1028 3926 1130 3976 dixerat
1150 3928 1228 3990 epist.
1250 3925 1283 3974 ad

188 4015 202 4048 a
219 4001 314 4051 Senatu
336 4005 412 4063 esset,
424 4005 464 4052 vel
479 4004 505 4052 id
521 4005 598 4054 etiam
613 4009 714 4057 histrio·
757 4003 816 4052 Art.
828 4004 844 4052 Ι.
855 4015 913 4050 xvt·
924 4007 962 4052 11.
979 4006 986 4029 ‘
1002 4003 1128 4066 Populum
1141 4005 1283 4051 Romanum

187 4075 252 4124 nicar
262 4077 326 4124 artis
339 4077 397 4126 luit.
755 4093 905 4127 mauuaauav
915 4093 966 4126 uon
973 4079 999 4125 in
1007 4077 1172 4126 defendenda
1180 4076 1282 4142 Repub·

220 4147 233 4183 l
252 4153 336 4216 Urbis]
369 4153 406 4204 Ut
424 4169 480 4204 cam
495 4157 594 4205 scilicet
614 4157 714 4222 plebem
753 4156 797 4204 sed
810 4155 836 4204 in
847 4153 994 4220 plaudendo
1005 4153 1171 4221 consumere?

187 4225 311 4276 urbanum
330 4236 477 4295 corruptam
496 4227 603 4295 flagitiis
623 4231 714 4282 distin-
