3192 4909
183 409 319 478 scm]
517 403 726 452 uuusuurr
751 401 826 452 usn.
849 399 932 452 xiv.
1201 383 1288 454 lm

156 547 335 646 circum:
355 563 474 630 preces
488 544 769 623 disserentibus
796 543 840 608 nd
865 545 989 612 colum
1016 543 1184 624 munibus,
1213 545 1288 612 sun·

185 707 245 745 mss
261 695 401 760 iusim
415 695 492 760 specie
505 697 641 748 mimus
650 695 748 760 alites,
767 695 806 745 its
820 699 848 744 sd
864 696 929 745 'urbii
944 695 1038 746 irnsoto
1048 703 1143 761 corpure
1152 693 1250 761 defluos,
1260 699 1288 742 et

526 908 543 956 s
560 904 625 956 cor.
644 903 708 970 lgr.
724 903 949 966 tectisue-eeu.

687 1013 794 1068 Nom

185 1110 301 1163 relisuo:
326 1113 335 1140 ⁴
354 1113 487 1164 Dicebuut
508 1113 585 1177 euim,
607 1113 717 1179 quodum
756 1113 835 1166 sdeut
852 1113 998 1168 Diodorum
1009 1107 1133 1178 Siculum,
1146 1103 1164 1166 l.
1177 1128 1204 1165 v.
1220 1105 1290 1165 Stru-

185 1195 306 1252 tempore
347 1188 515 1240 Aurelianum
557 1189 719 1241 cousuluisse
757 1190 850 1242 bouum
870 1194 888 1242 l.
905 1206 944 1242 rr.
961 1199 989 1242 et
1001 1205 1058 1242 ην.
1074 1197 1103 1242 et
1114 1190 1246 1242 hirtium
1263 1192 1289 1238 in

186 1264 311 1328 Druides,
331 1266 518 1326 sciscitantem,
540 1272 626 1315 utrum
647 1263 718 1329 spud
756 1267 889 1329 proemio.
927 1269 1054 1318 Marcellus
1062 1269 1181 1318 Mus.
1288 1282 1293 1310 ³

186 1345 305 1404 posteros
316 1342 454 1404 imperium
466 1347 649 1405 perrusneret3
663 1347 718 1390 tum
790 1343 841 1394 Qui
851 1343 860 1372 ‘
871 1344 985 1394 Druides
998 1345 1120 1406 sublstos,
1135 1350 1164 1393 et
1175 1342 1289 1392 Druidu-

166 1413 244 1464 illos
256 1416 428 1480 respondisse,
445 1416 526 1467 dixit:
552 1417 655 1467 Nullius
667 1417 719 1467 clr-
757 1431 814 1466 roro
837 1419 989 1483 religionem
1015 1419 1137 1469 ubolitsm
1165 1418 1291 1478 trsduut‚'

187 1490 243 1540 rius
258 1491 286 1540 in
305 1493 608 1559 Repub.uomeu,qusm
618 1492 720 1544 Cinndii
757 1495 910 1544 nonrolnnt
928 1509 1029 1548 omuenr
1048 1509 1104 1544 eum
1127 1494 1291 1558 discipilum

188 1570 351 1630 posterorum
363 1567 497 1619 futurum!
759 1569 923 1632 exstinctum,
934 1571 1049 1622 homiues
1059 1577 1105 1620 sut
1118 1573 1291 1632 exauguratus

194 1639 201 1658 ¹
220 1639 497 1716 ldeminNumerisno
505 1645 606 1708 scribit,
613 1643 720 1696 Diocle·
759 1651 804 1692 sut
816 1644 870 1692 vits
881 1645 1005 1708 privatos,
1016 1645 1062 1696 sed
1075 1660 1132 1710 quae
1142 1644 1237 1694 diruet
1248 1644 1293 1696 im·

188 1715 263 1766 tisuo
285 1734 300 1768 s
321 1721 428 1770 muliere
453 1723 556 1774 Druids
582 1723 719 1788 imperinm
759 1719 846 1768 munis
857 1728 932 1770 erum
947 1721 974 1771 in
993 1720 1038 1771 ills
1052 1719 1247 1784 superstitious,
1263 1723 1294 1768 ut

186 1794 353 1857 predictum.
379 1799 541 1862 lampridius
555 1801 582 1850 iu
593 1799 670 1851 Alex.
682 1800 721 1849 its
760 1793 956 1858 tumemus,
974 1796 1098 1858 coiircits,
1115 1801 1145 1846 ut
1161 1800 1293 1860 potsrsnt,

188 1866 314 1932 scriptum
336 1871 456 1936 reliquit:
482 1874 600 1925 ‘Mulier
620 1875 719 1926 Druias
760 1876 789 1920 et
801 1871 921 1935 gruibus
932 1872 981 1921 sub
992 1873 1076 1935 pernis
1084 1871 1168 1922 retiis
1177 1883 1245 1921 esse.

188 1945 262 1994 eunti
286 1946 439 1998 exclamarit
463 1949 567 2000 Gallico
593 1965 721 2014 sermone,
793 1949 881 2012 Atque
891 1963 923 1998 eo
931 1947 1065 2010 effectum,
1075 1955 1105 1998 ut
1115 1947 1219 2010 publice
1228 1946 1293 1998 dun·

188 2017 286 2083 Padus,
296 2035 344 2071 nso
357 2023 494 2073 victorium
505 2039 604 2089 speres,
613 2040 663 2075 nec
674 2025 722 2074 ml·
761 2029 845 2086 tuot,
860 2029 888 2073 et
908 2025 963 2073 siue
975 2032 1045 2074 metu
1054 2023 1162 2087 judicis,
1180 2023 1255 2073 suris
1265 2027 1293 2074 et

188 2093 231 2143 liti
244 2100 289 2144 tuo
299 2096 412 2148 credas?
762 2096 881 2148 nefandis
892 2097 1045 2148 cerimoniis
1057 2099 1096 2148 uti
1108 2111 1158 2148 uon
1168 2096 1270 2146 liceret.

222 2170 300 2221 Quod
312 2173 489 2224 rcrol'ucitus
505 2175 603 2238 subdit,
617 2177 721 2228 nfirm-
794 2172 869 2223 Alios
891 2172 1008 2224 innoxios
1033 2173 1108 2234 ritus,
1128 2170 1294 2236 quantumvis

187 2245 229 2294 rrls
240 2246 327 2295 Monte
340 2247 430 2296 insule
441 2249 587 2310 debellatis,
598 2253 606 2280 ‘
619 2253 721 2304 excisos
760 2250 963 2316 superstitiosos,
980 2251 1056 2316 (quin
1073 2257 1101 2300 ot
1117 2251 1184 2299 clnm
1195 2246 1296 2297 furtim-

188 2321 262 2384 luoos
281 2323 356 2372 sevis
375 2325 601 2388 superstitionibus
615 2329 721 2392 sscros,'
762 2341 813 2390 que
824 2327 874 2377 ists
885 2325 1023 2392 crudelis,)
1036 2325 1171 2375 retinuisse
1181 2322 1295 2374 Druides

190 2398 317 2462 Polydori
327 2399 430 2462 Virgilii
440 2401 572 2450 Urbiustis
592 2403 626 2452 de
644 2405 721 2455 rebus
760 2402 840 2452 etism
855 2403 904 2452 sub
923 2403 1031 2467 imperio
1044 2396 1294 2461 Romano,etDrui·

86 2525 93 2536 ,
190 2474 309 2536 Anglicis
320 2473 469 2531 scribentis,
477 2474 579 2534 detegit
589 2487 709 2518 errorem.
761 2475 809 2514 das
830 2477 951 2530 omit-m,
973 2475 1056 2516 donec
1087 2473 1296 2523 curistisnismuc

224 2549 292 2598 Nem
310 2549 366 2610 ipsc
377 2547 484 2596 bionum
504 2546 677 2609 antiquorum,
689 2543 721 2594 de
762 2541 911 2604 prevaluit,
927 2539 1098 2592 dubitsudunr
1116 2556 1167 2593 uou
1181 2545 1294 2596 videtur.

191 2638 241 2695 qus
255 2623 360 2673 'l'scitus
369 2621 418 2672 boc
429 2623 497 2682 loco,
507 2626 535 2671 et
553 2621 640 2670 Caessr
651 2621 669 2668 l.
682 2635 721 2671 vr.
763 2615 906 2670 Gronovius.

192 2696 273 2761 uult,
285 2698 355 2747 Dion
367 2696 469 2746 Cassius
481 2701 509 2744 et
523 2694 633 2758 Plinius,
641 2695 722 2745 verbs
794 2693 906 2756 Druidoe]
922 2693 993 2742 Plin.
1010 2695 1028 2744 l.
1041 2706 1099 2746 xvi.
1111 2699 1152 2744 4⁹.
1172 2694 1180 2723 ‘
1194 2695 1246 2748 Qut
1256 2696 1296 2746 ui-

192 2771 291 2837 lecere,
306 2773 378 2824 vocis
400 2771 568 2822 similitudino
587 2772 723 2836 deceptus,
762 2766 799 2815 hil
819 2769 946 2818 sacratim
966 2770 1036 2818 visco
1057 2767 1193 2830 bubucre;
1222 2776 1295 2820 tants

192 2863 269 2916 quum
281 2849 424 2910 blosmium,
436 2862 492 2911 seu,
509 2853 539 2896 ut
551 2846 605 2910 alii,
617 2847 723 2896 Mose-i-
762 2843 876 2907 gentium
888 2843 916 2893 iu
928 2843 1003 2894 rebus
1013 2843 1113 2896 frivolis
1125 2845 1217 2910 religio
1228 2845 1295 2896 suit!

192 2941 258 2989 m,
278 2932 325 2974 eut
336 2925 482 2985 Menidan,
503 2921 661 2972 Ptolomeus
678 2938 723 2987 up-
771 2950 774 2957 ·
794 2921 1105 2973 Strabol.1v.‘Summs
1124 2923 1150 2986 in
1168 2921 1295 2984 dignitste

193 3000 395 3066 pelluritlrodie
406 2999 468 3048 Mon
479 2999 556 3064 vulgo
567 2997 658 3047 dicunt
668 2997 723 3048 Au·
762 2993 861 3046 nubiti:
879 2995 938 3046 ideo
956 3011 1018 3046 euro
1038 2997 1118 3060 pictis
1135 2997 1295 3048 vestibusin-

194 3073 487 3142 pll,esseexlstimuvit.
763 3070 830 3134 doti,
851 3079 879 3120 et
898 3071 1004 3121 srrnillis
1024 3071 1129 3120 brachis
1149 3071 1247 3120 circum
1268 3077 1296 3122 et

198 3171 204 3180 ·
227 3153 293 3203 Cum
303 3152 454 3201 tumenbaec
465 3150 547 3200 distet
557 3149 726 3200 scontiuenti
763 3161 862 3196 munus.
896 3147 966 3196 Gens
982 3161 1062 3196 exose
1074 3145 1203 3208 Romanis,
1219 3161 1296 3211 prop·

195 3240 244 3293 per
255 3227 349 3291 viginti
367 3229 481 3292 quinque
499 3224 630 3287 milliaris,
645 3226 725 3274 Mons
765 3221 995 3276 tersooriflcioruur
1008 3220 1157 3274 diritatem?
1293 3265 1298 3274 .

194 3299 266 3365 t'cro,
282 3319 341 3369 quse
357 3301 488 3352 hodiernis
508 3301 667 3366 temporibus
676 3303 727 3350 As·
797 3301 910 3364 Druidae]
928 3301 1015 3352 Caessr
1032 3300 1048 3350 l.
1069 3313 1106 3352 vr.
1126 3298 1297 3364 ‘Disciplina

193 3381 272 3444 glesco
284 3386 403 3452 vocetur,
413 3392 461 3443 per
477 3377 587 3427 milliare
608 3383 725 3436 tuntum
764 3377 791 3427 in
806 3361 944 3427 Brituuuis
963 3383 1077 3440 reperto,
1094 3385 1173 3440 utque
1191 3375 1251 3424 inde
1269 3375 1296 3441 iu

196 3456 265 3523 quod
282 3455 404 3506 convenit
419 3454 503 3504 Taciti
521 3453 611 3514 dictis,
629 3452 679 3502 boo
698 3451 725 3501 in
765 3453 878 3504 Gellium
900 3455 1024 3504 trunslstu
1043 3467 1100 3503 esse
1122 3452 1295 3507 existimetur.

194 3533 263 3583 loco.
765 3531 799 3580 Et
808 3546 876 3582 nunc
888 3532 932 3596 qui
943 3530 1093 3596 diligentius
1103 3545 1159 3580 euru
1171 3543 1224 3578 rem
1236 3543 1297 3594 cog·

200 3661 206 3672 ,
228 3610 269 3660 Ex
280 3625 330 3674 quo
346 3606 472 3674 Polydori
485 3621 559 3657 error
577 3607 727 3670 innotescit,
764 3621 873 3656 noscere
890 3609 986 3668 volunt,
1004 3607 1157 3669 plerumque
1179 3603 1223 3654 illo
1237 3585 1295 3656 flor·

196 3685 341 3749 presertim
353 3699 411 3734 cum
427 3683 453 3731 in
470 3683 597 3745 Angue«,
608 3696 678 3744 vers,
689 3681 727 3734 in-
766 3680 842 3731 cendi
853 3696 932 3731 ceusu
943 3677 1157 3744 proficiscuntur,'
1169 3681 1219 3728 dre.

197 3774 282 3825 quum,
294 3755 376 3822 Moru,
387 3759 473 3808 trunci
484 3756 683 3806 innumerabiles
699 3762 727 3807 et
797 3757 849 3804 ‘ln
860 3755 948 3818 primis
960 3756 1009 3805 boc
1021 3758 1110 3804 volunt
1130 3753 1297 3816 persuadere,

196 3837 317 3888 tuborum
335 3835 435 3885 radices
447 3835 541 3898 possim
553 3841 622 3884 tem
640 3833 727 3884 obruti
766 3847 817 3882 non
827 3831 935 3900 interire
945 3830 1052 3893 uuinrus,
1063 3829 1109 3879 ssd
1124 3829 1157 3878 sb
1168 3829 1225 3878 aliis
1237 3835 1296 3892 post

196 3914 369 3976 inveniuntur,
386 3925 443 3977 qua·
463 3909 575 3975 reliquie
594 3915 655 3958 suut
674 3908 728 3959 luci
766 3915 876 3958 mortem
889 3908 1001 3957 trsusire
1018 3907 1050 3955 ad
1070 3905 1231 3969 alicunque
1245 3904 1295 3964 boo

198 3989 279 4039 excisi
290 4003 306 4038 s
316 3988 426 4036 Paulino
438 3984 571 4036 Suetonio.
765 3984 876 4033 maxime
889 3981 921 4031 ud
935 3981 1057 4032 virtutem
1073 3978 1184 4030 excitari
1193 3981 1297 4041 putent,

231 4065 310 4129 Cujus
332 4064 371 4113 rei
389 4061 454 4124 fucit
473 4061 550 4111 lideru
567 4058 727 4112 Humfredlrs
756 4067 839 4109 metu
851 4059 941 4108 mortis
952 4053 1092 4120 neglecto?
1293 4087 1298 4100 .

198 4139 322 4204 Lnyd,iu
337 4137 422 4203 Epist.
435 4135 727 4189 sdAbrub.Ortclium.
797 4133 911 4197 roim]
944 4132 1034 4182 Artem
1054 4129 1181 4194 magicum
1204 4121 1295 4190 tribuit

199 4215 244 4268 De
258 4216 367 4291 Drnidis
385 4217 461 4283 plura
480 4215 525 4283 qni
543 4213 609 4265 scire
629 4214 727 4280 cupiet,
767 4211 869 4262 Plinius
896 4207 1044 4270 Britannia
1071 4202 1141 4272 quod
1167 4199 1237 4252 sorte
1261 4199 1294 4255 de
