3192 4909
302 380 392 468 21oe
639 414 642 426 ·
708 392 809 444 noue
832 391 1003 442 nunonis

305 539 411 626 agitur
420 535 660 612 benevolentia,
673 535 732 618 qui
745 534 842 598 simui
855 539 889 596 et
901 551 1039 617 comere
1053 535 1250 618 ohreqoinm
1263 533 1406 615 dobaotg

304 637 397 712 Nero
411 639 505 720 pacis
517 643 662 719 tempore
679 635 779 698 tutori
805 635 1023 716 improvidus,
1045 640 1079 699 et
1100 635 1177 700 belli
1200 634 1409 699 meamet

303 738 475 826 praesidiis
502 737 689 812 destituere,
715 733 877 798 offendere
901 739 971 802 urm
998 735 1090 800 cives
1114 738 1302 818 cogebatur,
1325 755 1407 800 cm

303 839 480 906 conciliare
506 840 633 902 animos
658 837 774 919 popuii
800 834 900 900 Rom.
923 829 1094 920 praecipue
1118 837 1298 900 debuisset
1342 836 1406 903 Sic

305 940 386 1008 nihil
411 941 444 1003 in
468 959 535 1004 rem
555 958 648 1004 stram
663 938 819 1014 confecit,
833 957 874 1001 eo
884 939 996 1018 megia
1009 939 1261 1004 mammenus
1274 939 1407 1022 abjoe

304 1043 360 1120 tie,
374 1047 409 1108 et
429 1039 607 1104 accedente
622 1038 664 1102 ad
680 1039 803 1104 melem
817 1038 938 1106 tamum
953 1038 1103 1106 adversm
1119 1039 1274 1104 fictionis
1287 1044 1407 1122 potn-

304 1143 363 1212 tia.
396 1140 460 1204 Ex
482 1141 610 1222 imperii
636 1144 669 1204 et
690 1140 820 1204 militiae
836 1143 978 1218 arcanis,
992 1161 1093 1208 nuum
1106 1141 1173 1205 eibi
1193 1141 1239 1204 ad
1260 1159 1404 1205 eumve

304 1242 436 1315 fiduciae
453 1260 548 1323 spem
563 1260 735 1323 superesse
756 1241 933 1306 affirmavit
954 1242 1189 1308 familiaribus:
1213 1241 1342 1306 ‘Simul
1361 1260 1407 1306 uc

306 1345 446 1427 primurn
463 1342 670 1424 provinciam
696 1341 872 1422 attigisset,
888 1342 1044 1406 inermem
1068 1365 1105 1408 se
1129 1346 1164 1406 in
1184 1350 1407 1426 conspectum

304 1444 509 1518 ‚exercitium
525 1441 743 1526 proditurum,
756 1462 816 1506 nec
830 1443 1010 1526 quicquam
1022 1444 1114 1510 eliud
1127 1463 1229 1527 qnam
1242 1443 1406 1521 fleturum,

305 1545 534 1627 revocatisque
565 1544 608 1608 ed
641 1546 869 1628 poenitentium
897 1544 1127 1623 defectoribus,
1160 1547 1310 1628 sequenti
1346 1545 1406 1608 die

305 1644 421 1714 letum
450 1646 532 1710 inter
557 1647 668 1723 laetos,
695 1651 902 1714 cantaturum
925 1648 1084 1730 epinicia,
1114 1666 1191 1730 qnae
1216 1648 1290 1729 jam
1315 1665 1406 1725 nme

306 1748 461 1830 componi
485 1749 549 1813 eibi
573 1746 754 1831 oporteret?
798 1747 933 1814 Interim
947 1749 1027 1814 dum
1049 1747 1143 1812 Nero
1155 1749 1191 1812 in
1204 1747 1350 1813 Galbam
1368 1753 1408 1811 et

307 1844 485 1936 Vindicem
510 1869 604 1914 armo
628 1849 772 1932 expedit,
792 1851 962 1917 nuntiatur
982 1850 1154 1932 prandenti
1174 1847 1351 1931 ‘Verginii
1370 1854 1408 1911 α

307 1953 491 2020 ceterorum
518 1951 722 2016 exercituum
747 1951 909 2017 deiectio!
953 1951 1016 2016 llle
1038 1951 1129 2016 reiut
1154 1969 1268 2014 ameno
1290 1949 1408 2014 litem

305 2049 372 2122 sibi
397 2049 545 2116 redditos
571 2055 769 2136 concerpsit,
790 2073 940 2120 mensam
959 2052 1132 2130 subvertit,
1155 2050 1238 2116 duos
1258 2049 1407 2133 scyphos

303 2152 486 2234 ,grenssimi
509 2173 592 2220 usus
617 2155 711 2219 illisit
736 2155 823 2231 solo,
838 2160 872 2218 et
896 2154 1030 2236 abjecte
1052 2154 1106 2218 eui
1131 2171 1226 2228 eura,
1247 2149 1407 2234 quemvis

303 2270 372 2318 non
397 2253 537 2337 propius
561 2253 694 2318 admoto
719 2254 880 2338 periculo,
904 2252 1096 2320 ‘venenum
1118 2253 1239 2336 poscit,
1268 2252 1326 2316 ‘in
1345 2269 1407 2315 nn·-

306 2370 396 2424 1012111
422 2354 581 2437 pyxidem
611 2354 791 2433 conditum,
822 2375 865 2418 ne
895 2354 1053 2420 indecoro
1080 2358 1185 2418 morte
1211 2353 1377 2417 tolleretur
1385 2351 1408 2432 ;'

304 2453 498 2536 transiitque
523 2455 558 2518 in
577 2455 690 2520 hortos
717 2453 946 2535 Servilianoe,'
971 2457 1042 2533 nbi,
1064 2455 1249 2539 proenrieeie
1271 2453 1407 2520 Ostium

305 2552 495 2623 libertorum
514 2554 698 2632 fidissimis,
714 2556 826 2638 fugam
847 2559 880 2620 in
901 2558 1086 2640 AEgyptum
1106 2558 1256 2634 tentavit,
1280 2555 1407 2638 quest·

305 2658 398 2721 inrue
424 2673 468 2716 ex
494 2653 637 2720 Musicae
659 2655 770 2721 studio
784 2659 926 2739 victum3
946 2659 1142 2741 imaginaria
1155 2658 1203 2724 ioi
1218 2657 1407 2733 securitate,

306 2773 406 2838 quem
430 2754 625 2838 Imperatori
647 2755 758 2822 Roma
772 2760 925 2840 negabat.
970 2759 1039 2824 Sed
1054 2760 1194 2826 tribunis
1207 2756 1407 2823 centurioni-

305 2853 435 2938 bueque
461 2856 637 2937 praetoriis,
663 2859 785 2940 partim
811 2860 1115 2940 tergiversantibus,
1133 2844 1267 2943 'parum
1290 2863 1406 2941 operte

306 2953 561 3028 detrectantibus
588 2957 679 3040 fugae
710 2959 917 3037 societatem,
939 2978 1007 3024 uno
1035 2961 1136 3026 etiem
1165 2959 1405 3044 proclamante,

306 3055 445 3144 ‘Usque
467 3057 595 3124 adeone
620 3061 703 3124 mori
727 3060 883 3126 miserum
905 3060 991 3128 eeti'
1014 3063 1108 3128 varia
1127 3061 1278 3143 agitavit,
1299 3058 1406 3124 ‘Pes-

304 3159 422 3230 nosne
437 3161 542 3226 odiret
554 3163 680 3247 nuper'o
694 3161 857 3226 beneficio
878 3164 1065 3241 obstrictos,
1089 3183 1134 3230 un
1154 3162 1301 3228 Gelbnm
1323 3180 1405 3244 anp-

305 3261 388 3350 plex
416 3269 554 3347 peteret;
592 3284 636 3328 an
670 3269 796 3329 etratus
826 3264 974 3347 prodiret
1001 3264 1035 3328 iu
1065 3264 1246 3348 publicum,
1275 3280 1406 3346 proquo

305 3365 437 3442 rostris,
453 3371 578 3448 quante
600 3372 715 3448 posset
727 3366 876 3432 maximo
888 3367 1111 3443 promotione,
1124 3367 1255 3430 reniam
1267 3369 1405 3447 preter·

305 3467 427 3532 itorum
457 3474 653 3549 precaretur,
688 3486 728 3531 ac
765 3469 801 3530 ni
836 3467 985 3532 flexisset
1013 3467 1154 3542 animoa,
1184 3467 1238 3530 vel
1264 3463 1406 3547 AEgypti

306 3566 535 3648 praefecturam
555 3567 695 3634 concedi
717 3570 781 3632 sibi
797 3566 929 3632 oraret!
974 3566 1106 3632 Placuit
1125 3567 1268 3642 illudet
1288 3565 1407 3630 invon-

307 3673 362 3749 tns
376 3673 427 3730 est
440 3675 557 3748 postea
571 3670 604 3731 in
618 3670 740 3734 scrinio
753 3671 828 3753 ejus
841 3670 903 3733 trec
914 3667 956 3732 de
969 3689 1006 3732 re
1018 3686 1126 3732 sermo
1138 3667 1307 3734 formatus.
1336 3663 1407 3731 Sed

307 3767 496 3832 deterritum
511 3775 638 3850 putent,
660 3789 711 3845 ne,
734 3773 824 3852 prius
837 3789 939 3852 quom
951 3770 987 3833 in
1000 3770 1108 3832 sorum
1121 3768 1319 3850 perveniret,
1334 3763 1405 3828 dis-

307 3875 503 3950 cerperetur.
548 3869 592 3933 Et
607 3871 765 3951 cogitatio
779 3873 814 3935 in
837 3879 1007 3954 posterum
1019 3869 1107 3934 diem
1122 3868 1228 3932 dilate
1241 3873 1302 3931 est.

802 4027 913 4078 NOTAE

307 4120 311 4129 '
339 4131 618 4198 ‘Herassmunoq
646 4137 780 4198 Quotoco,
793 4137 835 4186 ret
874 4136 1183 4204 Sardianinontiqnet.
1197 4133 1338 4192 Paeto.

204 4249 206 4252 -
307 4225 357 4275 que
368 4213 456 4263 Rome
465 4211 536 4262 urbia
544 4212 649 4277 regione
660 4211 756 4264 fuerint
766 4211 834 4263 horti
