3192 4909
163 377 197 432 s.
213 378 353 443 (μου,
499 373 503 386 “
539 363 844 423 ΑκκΑιιυιι·ἰιιἰ.
866 373 948 426 xvr.
1206 354 1295 428 slus

168 524 282 608 quid,
298 525 375 590 viso
388 522 539 587 Thrasea
552 525 621 599 reo,
636 521 796 586 decreturi
812 521 932 586 Palles
945 521 1079 588 fuerint:
1118 521 1168 588 Ut
1181 521 1291 589 Neso-

170 645 261 690 nem
276 626 477 708 fingitiomm
493 623 602 707 pudor
616 629 761 707 caperet,
782 626 876 689 irrita
891 645 951 708 epe
964 626 1100 706 agitari:
1123 625 1293 709 multoque

170 729 298 810 magis
323 727 511 804 timendum,
532 745 574 789 ne
599 725 633 788 in
646 727 844 809 eonjugem,
866 727 903 788 in
926 726 1099 806 familiam,
1125 729 1161 791 in
1183 734 1293 793 cetera

171 829 352 914 pignorum
365 830 451 912 -ejus
474 829 616 894 saeviret.
671 829 816 893 Proinde
838 829 1063 906 intemeratus,
1085 829 1292 912 impollutus,

175 951 333 1014 quorum
348 933 495 1015 vestigiis
509 937 544 996 et
560 932 679 997 studiis
693 933 799 996 ritem
814 930 957 1008 duxerit,
972 951 1086 994 eornm
1101 931 1220 1014 gloria¹²
1234 940 1295 1013 pe·

173 1036 276 1096 teret
289 1032 408 1098 finem!
430 1053 435 1062 ’
453 1031 577 1097 Aderat
598 1033 739 1097 oonsilio
761 1031 925 1097 Rusticus
948 1029 1128 1110 Arulenus,
1148 1031 1294 1113 flagrans

169 1135 332 1218 juvenis,
361 1141 394 1200 et
422 1133 578 1219 cupidine
604 1135 714 1199 laudis
741 1133 912 1212 offerebat,
949 1137 959 1168 ‘
971 1133 1008 1198 se
1035 1135 1295 1200 intercessurum

179 1236 337 1301 Senatus
363 1237 514 1302 consulto
525 1235 543 1302 ι’
565 1255 643 1300 unm
667 1237 790 1320 plebis¹
815 1235 988 1300 Tribunus
1013 1243 1092 1302 eret
1136 1223 1296 1302 Cohihnit

180 1337 345 1421 spiritus⁶
360 1338 434 1421 ejus
447 1337 608 1415 Thrasea,
632 1341 795 1402 ‘ne'vane
809 1343 844 1402 et
865 1349 928 1402 reo·
945 1357 1013 1402 non
1035 1338 1220 1422 profutura,
1244 1339 1296 1402 in·

180 1441 369 1505 tercessori
396 1439 553 1516 exitioso,
578 1439 744 1522 inciperet„
790 1437 863 1502 Sibi
889 1444 1000 1532 aotam
1021 1445 1166 1518 oetatem,
1191 1445 1226 1505 et
1247 1444 1297 1506 tot

183 1561 254 1625 per
281 1560 384 1608 annos
409 1543 602 1606 continuum
623 1542 703 1606 vitae
729 1541 878 1606 ordinem
902 1561 970 1606 non
990 1541 1224 1607 deserendum:
1245 1541 1298 1606 illi

182 1641 327 1706 initiam
340 1640 608 1724 Magistratuum,
624 1647 659 1706 et
669 1643 806 1725 integre,
821 1649 899 1725 quae
914 1644 1107 1727 supersint.o
1140 1643 1297 1720 ,Multum

184 1803 280 1840 eoram
297 1789 414 1840 Thrasea
432 1805 485 1854 reo,
505 1791 674 1842 deliberatori
691 1799 780 1857 patres
799 1790 906 1842 furum.
940 1791 1016 1840 Inani
1033 1799 1094 1840 roto
1105 1790 1250 1855 expentsri,
1267 1795 1299 1840 nt

186 1855 269 1904 Nero
280 1855 380 1918 pudore
399 1856 524 1906 scelernm
543 1865 751 1921 permoveretnr;
769 1863 798 1908 et
817 1858 859 1907 lon
878 1872 893 1906 e
908 1858 995 1934 potins
1008 1857 1178 1906 metuendum
1190 1870 1247 1915 esse,
1263 1869 1298 1904 ne

186 1930 241 2032 ker
253 1921 439 1970 immanitatem
451 1929 612 1982 grassaretur
631 1923 657 1971 in
675 1937 790 1984 uxorem,
807 1921 834 1970 in
866 1923 986 1984 amrliam,
999 1928 1026 1970 et
1041 1921 1141 1986 reliqna
1152 1922 1259 1985 pignora
1269 1919 1299 1968 il·

199 1985 252 2035 'nn
285 1983 372 2048 Igitur
382 1985 519 2035 inviolatus
530 1992 558 2036 et
570 1987 795 2049 incontaminatus,
806 2001 895 2035 eornrn
912 1985 1006 2036 decore
1022 1993 1131 2036 mortem
1148 1991 1299 2061 oppeteret,

187 2055 304 2112 quornm
316 2049 443 2112 exemplis
459 2059 536 2114 atque
547 2051 671 2100 institutis
682 2054 761 2100 sitam
775 2056 946 2114 transegerat.
979 2051 1098 2099 [πέποται
1110 2051 1204 2100 mulio
1216 2049 1299 2099 nass

187 2127 234 2162 ras
247 2113 374 2174 Arulenus,
384 2115 578 2177 ammiramis,
594 2120 618 2164 et
629 2115 759 2178 rapiditate
767 2114 852 2176 glorie
862 2113 1016 2176 pollicebatur
1031 2116 1110 2177 ultro,
1127 2128 1154 2162 se
1166 2116 1299 2177 oppositu·

188 2189 251 2224 rnm
273 2176 378 2226 decreto
398 2184 514 2238 patrum:
532 2193 588 2226 sem
606 2188 659 2228 tnur
681 2179 789 2226 tribum
806 2177 882 2242 plebis
897 2183 959 2228 nst.
993 2178 1106 2226 Retissit
1123 2179 1232 2226 srdoress
1249 2176 1299 2238 tiss

192 2241 310 2302 Thressa,
321 2255 353 2288 ne
365 2241 449 2289 inania
461 2248 587 2303 tentaret,
599 2257 694 2307 reoque
706 2243 816 2302 inutilia,
825 2243 897 2290 siml
913 2250 940 2291 et
956 2242 1002 2304 r'psi
1018 2241 1193 2291 intercedenti
1206 2241 1300 2290 exitia-

189 2304 266 2353 bilis.
300 2304 353 2352 sihi
365 2311 519 2354 transactam
536 2312 651 2368 relatore,
661 2317 689 2356 et
706 2302 753 2370 pler
773 2313 815 2356 tot
833 2321 913 2356 annos
931 2311 1093 2356 constantem
1105 2306 1168 2355 sitre
1182 2313 1299 2356 tenorem

191 2381 248 2416 non
261 2367 457 2432 relinquendum
467 2385 528 2419 esse:
546 2369 582 2418 illi
600 2370 753 2434 prinelpinni
770 2371 894 2420 honorum
905 2385 954 2420 esse
963 2370 1118 2434 mormius,
1135 2377 1163 2419 et
1183 2373 1240 2435 qlne
1251 2382 1300 2434 per

191 2433 323 2496 reliquom
336 2433 399 2482 vitre
416 2433 528 2499 spatium
545 2441 676 2497 maneam,
690 2435 785 2485 illibato
795 2435 872 2485 edisse
883 2441 907 2485 et
924 2435 1026 2500 integre
1042 2449 1097 2485 esse.
1129 2434 1179 2484 Sed
1190 2434 1298 2484 multum

660 2576 791 2597 nonme
795 2578 839 2598 ne

194 2657 361 2714 emendatum
374 2659 400 2706 in
418 2659 469 2710 Ms.
489 2660 565 2711 llsrl.
583 2661 787 2712 erotica-511·
807 2663 870 2711 Mes.
888 2662 957 2711 Flor.
969 2649 1214 2726 Reg.Corb.plshi,·
1230 2660 1300 2726 qaod

193 2722 281 2772 edidit
298 2724 453 2774 Gronovius.
487 2725 685 2775 Ceteri·omnes
704 2726 764 2775 libri
781 2727 845 2776 editi
864 2734 893 2776 et
910 2727 986 2776 molti
1004 2727 1069 2776 hlss.
1082 2726 1166 2790 plelt's.
1182 2726 1302 2776 Idem.-

695 2853 805 2905 NOTAE

195 2966 251 3016 rim
272 2965 298 3015 in
319 2967 506 3030 compositione
525 2983 569 3032 po·
591 2967 728 3030 particule.
801 2960 1172 3032 ‘’Etistegroqar'ssspe‘rsist]
1201 2965 1301 3031 idest,

197 3043 242 3094 Sle
265 3057 343 3106 snpra
365 3057 403 3092 ιν.
422 3047 463 3095 ts.
480 3045 488 3072 ‘
507 3045 617 3110 uterque
636 3045 730 3109 opibus
769 3041 827 3092 Tuo
841 3043 943 3107 judicio
961 3045 1097 3094 relietses
1115 3041 1190 3104 vells,
1208 3055 1301 3091 neone.

197 3125 277 3180 etque
288 3118 427 3168 honoribus
438 3120 608 3184 persignerel
768 3119 822 3168 Sed
837 3118 907 3181 prius
919 3125 1005 3169 tesam
1016 3115 1157 3183 expendas,
1166 3117 1242 3180 quale
1251 3117 1303 3166 iter

231 3193 354 3256 Ejusdem
377 3195 573 3246 observationis
592 3201 633 3244 est
660 3195 730 3260 qnod
769 3193 923 3258 ingrediaris
944 3194 978 3243 sd
1005 3192 1191 3258 rempublicam
1212 3206 1302 3256 espes-

197 3267 313 3318 traditur
324 3269 351 3316 in
370 3270 388 3317 l.
403 3281 435 3320 rr.
447 3271 479 3318 ad
492 3271 522 3320 L.
533 3269 587 3320 lul.
600 3269 633 3320 de
650 3271 730 3321 adult
769 3271 885 3334 scadan,
894 3270 1065 3320 adulatorium
1075 3268 1184 3331 scilieet,
1196 3282 1303 3333 snprse·

196 3345 286 3396 (reum
299 3347 429 3410 peregisse
444 3360 494 3416 opo
511 3347 574 3396 elles
591 3349 648 3412 quis
659 3349 731 3398 vide·
767 3351 884 3409 ruptum.
901 3345 1015 3394 Ρίώικ.
1294 3355 1297 3360 ·

198 3426 251 3482 tur,
262 3421 312 3470 nisi
324 3422 551 3472 condemnaverit’
567 3423 676 3474 Frcissl.
788 3424 901 3473 rPostea
919 3423 1019 3472 occisus
1037 3421 1161 3472 Rusticus
1183 3435 1200 3470 a
1221 3419 1303 3470 Celso

206 3523 210 3540 ι
231 3502 249 3528 ¹¹¹
261 3497 380 3560 Pignora]
403 3498 656 3550 Presertlm'timuit
667 3501 731 3550 llel-
770 3500 878 3550 Nerone
887 3497 1048 3556 Domitiano,
1064 3504 1132 3546 teste
1151 3497 1308 3559 Plutarcho,

198 3571 269 3622 sidio
279 3572 371 3622 Prisco
382 3589 476 3636 genero
487 3589 542 3640 sno,
552 3575 623 3639 filim,
643 3583 672 3627 et
688 3592 733 3628 ne·
770 3589 848 3642 qoem
863 3575 1085 3640 philosophantem
1097 3575 1186 3624 Rome
1201 3573 1246 3624 ille
1258 3589 1304 3624 su·

199 3647 322 3712 potibus;
352 3648 434 3700 infre:
462 3653 586 3703 ‘letitiae
617 3655 730 3718 propior,
771 3652 867 3702 dlehet.

199 3724 261 3788 quis
271 3722 420 3774 Helvidium
432 3740 553 3790 generum
569 3729 731 3780 snam-ltalia
803 3727 916 3791 Integre]
948 3727 1052 3792 Nempe
1071 3728 1185 3791 etatem,
1203 3732 1232 3778 et
1249 3735 1306 3777 ruo)

199 3803 395 3852 uulomsrceri
407 3804 585 3867 cognoverat?
771 3803 833 3854 dnm
853 3819 882 3854 se
894 3802 1012 3869 gerendi,
1024 3804 1117 3852 tansln
1133 3800 1305 3869 vits‘agmds

207 3885 244 3926 .⁸
257 3878 358 3943 Gloria]
390 3879 620 3944 Nempe‘glorisni
641 3897 731 3933 eornm
771 3885 841 3930 enm³
856 3881 894 3930 in
908 3878 1076 3944 capessendis
1102 3870 1306 3943 magistratibus,

199 3961 328 4010 ssereret
346 3957 372 4006 in
391 3964 476 4010 morte
493 3973 551 4008 sna:
572 3973 681 4024 qnorum
692 3960 731 4008 in·
771 3957 894 4008 stillam
906 3955 1043 4022 potestate
1055 3970 1102 4006 sus
1116 3955 1215 4007 hahere
1228 3954 1305 4018 jsra-

166 4043 169 4050 ’
200 4031 293 4082 sistens
312 4031 426 4094 vestigiis
451 4037 479 4083 et
498 4034 634 4098 sapientia
652 4035 731 4086 sitem
770 4045 840 4085 sear.
1170 4045 1173 4050 ·

200 4105 397 4168 munitarum
409 4109 465 4173 peti
475 4111 558 4161 desere
568 4117 676 4163 mortem
686 4127 732 4177 ep·
804 4107 857 4159 Sed
866 4114 927 4159 snte
937 4121 1025 4159 seeum
1037 4105 1208 4171 expenderet,
1224 4104 1311 4170 qnod*

200 4183 312 4242 1⁸⁸0!ss-
544 4213 553 4232 ·
772 4189 833 4238 nasi
858 4183 973 4236 vivendi*
986 4197 1072 4249 gersus
1095 4183 1308 4248 amplecteretur,
