3192 4909
309 406 397 472 2050
660 419 693 467 o.
716 417 896 467 nonunnu
919 413 1046 466 rsorrr
1245 425 1290 490 p„
1300 425 1337 478 υ,
1349 430 1426 478 010.

309 569 409 647 geret.
454 560 545 639 Quin
567 565 601 624 et
622 560 713 624 inde⁰
731 561 802 644 jam
815 561 1034 641 largiebatur:
1072 564 1106 624 et
1132 560 1325 628 divitiarum
1348 583 1420 630 ex·

309 662 454 748 pentatio
482 663 566 726 inter·
592 682 712 726 causas
750 663 974 745 paupertatisp
999 663 1145 744 publicae
1173 670 1254 728 erat.
1313 665 1418 730 Nam

310 766 450 841 Bassus,
473 763 594 827 effosso
616 772 706 844 agro‘l
726 782 789 826 suo
808 762 952 844 latisque
968 764 1091 825 circum
1107 761 1208 841 arvis,
1224 764 1302 828 dum
1317 765 1414 830 huno

309 867 469 932 velillum
493 867 602 928 locum
625 865 780 946 promissi
803 870 939 946 specus²
955 853 1134 940 asseve'rat,
1159 870 1414 949 sequunturque

309 987 376 1032 non
392 966 491 1029 modo
515 966 656 1040 milites‚‘
678 964 736 1028 sed
759 965 906 1046 populus
927 964 1115 1044 agrestium,
1132 964 1303 1028 efficiendo
1316 967 1415 1049 open'

312 1077 493 1142 assumtus,
509 1067 649 1142 tandem,
664 1063 960 1147 positavecordia,
986 1068 996 1097 ‘
1011 1083 1075 1125 non
1089 1064 1187 1127 talsa³
1214 1069 1305 1128 ante*
1318 1085 1416 1131 som-

309 1170 377 1234 nia⁸
391 1189 463 1244 sua,
480 1187 581 1248 seque
607 1173 684 1229 tunc
707 1167 863 1248 primum⁵
877 1163 1027 1241 elusum,’
1053 1164 1230 1242 admirans,
1246 1166 1415 1249 pudorem

310 1275 344 1334 et
358 1276 480 1333 metum
499 1273 600 1330 morte
623 1267 809 1330 voluntaria
823 1265 945 1346 effugit.
989 1263 1147 1341 Quidam,
1177 1267 1351 1330 ‘vinctum
1366 1285 1414 1330 ac

310 1389 391 1433 mox
404 1365 600 1444 dimissum,'
614 1365 785 1442 tradidere,
812 1370 822 1399 ‘
838 1364 977 1428 ademtis
994 1365 1101 1442 bonis,
1115 1364 1150 1427 in
1164 1365 1276 1429 locum
1291 1366 1417 1449 Regiae

312 1469 429 1550 gazae!

309 1661 362 1712 spes
379 1663 447 1710 opum
459 1649 523 1696 inter
533 1660 614 1695 cam
622 1644 721 1707 publico
731 1642 844 1704 egem
857 1646 917 1691 eret.
951 1643 1043 1706 Quippe
1058 1643 1156 1705 Bw,
1171 1644 1253 1708 effosso
1265 1661 1345 1710 ιαμ
1355 1661 1412 1708 sse,

310 1717 334 1761 et
353 1713 409 1760 lutis
424 1712 511 1774 passim
521 1713 601 1772 terris,
611 1713 667 1757 dum
681 1708 741 1755 tnnc
755 1708 792 1754 vel
812 1707 878 1755 illurn
894 1708 972 1755 uelem
987 1707 1060 1755 oblati
1070 1708 1120 1756 sibi
1138 1724 1185 1772 per
1196 1711 1309 1773 quietem
1319 1711 1415 1760 adolii

232 1821 236 1826 .
310 1779 421 1842 affimant,
432 1781 594 1836 nectunturque
610 1789 655 1821 non
666 1773 737 1819 mlum
745 1770 842 1832 milites,
852 1772 894 1819 sed
904 1775 927 1818 et
943 1771 1070 1820 rasltimo
1079 1772 1260 1835 name-n,
1270 1774 1416 1838 &addendis

310 1841 421 1904 specubus
429 1845 530 1898 worma,
539 1841 631 1886 demum
641 1836 725 1884 ambae
734 1834 837 1893 sennis,
849 1835 1042 1896 obstupescens,
1051 1837 1119 1898 quod
1134 1837 1206 1885 nulla
1214 1844 1275 1888 aute
1285 1852 1355 1887 rana
1360 1838 1414 1887 sibi

310 1919 358 1967 per
376 1918 490 1952 somnum
507 1902 608 1964 species
626 1900 712 1948 oblata
731 1903 798 1959 esset,
816 1904 843 1945 et
862 1913 891 1946 se
915 1904 976 1948 tunc
995 1901 1105 1961 primum
1121 1899 1260 1964 deceptum
1276 1903 1410 1965 adnisus,

311 1969 410 2016 dedecm
419 1973 443 2014 et
448 1967 602 2026 formidinem
611 1968 736 2026 spontaneo
751 1965 826 2009 morte
839 1961 935 2010 urana
969 1963 1110 2018 Qsidmin
1124 1965 1411 2026 annuntiabimus

310 2031 442 2079 dimissum
459 2031 565 2094 posthac
580 2028 714 2094 prodidere,
732 2025 824 2074 ablatis
834 2025 872 2073 illi
887 2025 980 2087 opibus
992 2028 1051 2090 soie,
1061 2029 1118 2077 loco
1129 2029 1195 2092 regii
1210 2030 1328 2093 thesauri,
1338 2044 1413 2093 puers

309 2097 460 2158 promiserat.

774 2199 950 2220 becumene

312 2287 382 2336 tione
394 2287 520 2348 principe.
554 2287 605 2335 llis.
616 2285 683 2333 Flor.
692 2289 720 2332 et
731 2280 903 2340 Puteolanus,
913 2283 990 2343 prorui
999 2297 1089 2343 meas.
1121 2284 1154 2334 In
1164 2285 1227 2334 Mu,
1239 2285 1410 2338 Bodtssuelf,

311 2352 366 2397 dum
378 2349 420 2398 luc
430 2353 467 2398 vel
475 2353 514 2398 illo
525 2355 573 2400 ιωο
582 2350 659 2412 promi
669 2361 758 2410 rpem.
794 2345 859 2392 Mss.
872 2344 947 2394 Harl.
957 2345 1012 2395 les.
1023 2347 1080 2396 daur
1096 2348 1146 2398 tac
1164 2351 1203 2398 sel
1219 2349 1260 2398 ille
1274 2353 1322 2399 leco
1331 2352 1413 2413 proni

311 2427 399 2475 rpem.
434 2415 465 2462 ln
478 2416 529 2463 ltls.
541 2415 614 2461 Harl.
627 2415 709 2461 altere
727 2423 805 2458 manu
824 2407 996 2473 emendatum,
1006 2410 1056 2460 hoe.
1090 2412 1233 2462 Beroaldus
1252 2413 1413 2478 emendavit,

310 2477 419 2538 promissi
434 2493 531 2540 specus,⁸
549 2475 685 2540 qureforte
707 2472 861 2522 redundant
895 2471 993 2534 Specus
1014 2475 1081 2524 enim
1100 2483 1156 2525 erat
1178 2479 1203 2526 ln
1223 2491 1286 2540 egro
1305 2478 1413 2529 Cerellii

311 2540 386 2588 Bessi
393 2541 447 2602 jam
460 2541 561 2601 effosso,
573 2548 601 2589 ct
616 2541 674 2588 latis
690 2538 787 2586 circum
801 2537 880 2584 arvis.
897 2534 1052 2588 amere-s
1070 2540 1141 2589 lllale
1152 2542 1203 2592 Ms.
1214 2542 1289 2590 Harl.
1300 2541 1413 2600 salse.-

311 2607 327 2652 4
345 2604 395 2652 Ms.
409 2606 477 2653 Flur.
489 2610 568 2667 unteu,
578 2610 606 2652 et
617 2605 654 2652 sic
665 2601 781 2664 Ryckius
793 2606 820 2648 et
832 2599 1035 2651 Graeculae—⁵
1052 2604 1096 2652 Ita
1106 2606 1224 2670 plerique
1240 2606 1304 2654 Mas.
1318 2613 1346 2656 et
1356 2606 1412 2654 Pu·

311 2669 463 2781 {eolanBusfi
473 2670 504 2717 ln
515 2670 567 2718 tls.
579 2669 644 2730 lleg.
656 2671 683 2714 et
693 2664 808 2714 editione
824 2663 952 2729 principe,
968 2667 1063 2728 prm,-
1079 2669 1148 2733 quod
1158 2669 1260 2720 aurita,
1271 2669 1342 2720 foret
1352 2684 1411 2734 gra.

325 2746 373 2780 rus.
416 2747 442 2782 ro
464 2747 497 2783 er.

807 2839 916 2890 NOTAE

342 2941 440 3005 ‘’Inde]
465 2943 508 2992 De
519 2943 570 2992 illis
581 2941 737 3005 imaginariis
748 2941 840 3004 opibus
881 2938 1013 2989 thesauros
1033 2942 1134 3007 aliquos
1160 2958 1222 2993 casu
1244 2945 1414 3007 reperissent,

310 3017 455 3080 nrunilicus‚
483 3019 539 3082 jam
572 3019 652 3066 multa
684 3017 841 3080 largiebatur
879 3012 1008 3080 fuerequi
1027 3017 1145 3067 dicerent
1162 3018 1413 3082 persuaderedtqnc,

311 3095 406 3144 multis.
881 3097 965 3140 toturn
974 3106 1032 3142 eum
1043 3093 1126 3143 locum
1137 3095 1194 3142 auri
1205 3095 1318 3158 plenum,
1330 3110 1347 3143 a
1357 3095 1412 3143 ele·

343 3178 355 3210 Ρ
374 3169 537 3233 Paupertutis]
556 3169 614 3220 Jenr
628 3171 768 3231 praesentes
776 3180 840 3229 opes
880 3166 955 3226 dibus
966 3167 1104 3217 Poenorurn
1113 3170 1148 3217 ibi
1159 3171 1275 3233 repositi,
1282 3178 1360 3234 atque
1371 3170 1413 3218 ita

308 3246 505 3310 impendebant,
527 3246 594 3294 inani
617 3259 663 3307 spe
683 3243 748 3302 auri,
769 3242 839 3306 quod
881 3243 953 3291 miles
971 3245 1059 3293 avidus
1076 3245 1109 3293 ad
1128 3243 1278 3296 fodiendum
1294 3261 1322 3295 se
1335 3244 1413 3295 dedit

310 3335 439 3386 utinquam
460 3321 571 3370 habituri
591 3329 674 3370 erant.
706 3319 750 3368 Sic
761 3319 770 3345 ‘
781 3318 840 3381 gl'u·
880 3334 927 3383 per
939 3323 1025 3382 plures
1037 3322 1101 3372 dies.

309 3397 386 3446 cebet
398 3398 498 3446 luxuria
510 3412 556 3458 spe
568 3397 644 3458 inani,
657 3394 839 3445 consumeban-
912 3397 1021 3447 Iuterim
1036 3399 1162 3462 Pompeio
1183 3400 1282 3448 ridente
1293 3397 1368 3447 umal
1377 3403 1410 3447 et

309 3478 402 3536 turque
425 3481 528 3522 veteres
552 3488 623 3535 opes,
643 3472 715 3536 quusi
738 3467 838 3520 oblatie'
879 3473 1039 3536 indignante,
1059 3482 1158 3525 tantam
1180 3477 1251 3525 illam
1266 3473 1412 3523 multitudi-

308 3545 381 3594 noris
399 3546 505 3608 divitiis,
523 3563 585 3610 quas
605 3557 694 3610 postea
712 3548 839 3612 decoque·
878 3563 937 3596 nem
964 3551 1046 3598 stulta
1062 3551 1172 3601 avaritia
1189 3561 1218 3600 ct
1235 3552 1323 3601 labore
1349 3549 1410 3598 raa

309 3628 377 3670 rent.
481 3615 484 3620 ’
879 3625 948 3686 gari:
975 3626 1262 3676 donectandemfeasi
1283 3625 1410 3683 criniti,

342 3697 376 3746 Et
395 3712 440 3758 per
460 3699 538 3746 talem
560 3701 645 3748 luxum
664 3699 789 3760 gliscebat
807 3702 840 3747 si·
880 3701 1030 3761 clamarent,
1045 3705 1053 3728 ⁴
1066 3703 1184 3752 Duceret
1193 3703 1247 3766 jara
1259 3717 1310 3766 quo
1321 3700 1411 3761 vellet,

307 3773 361 3820 mul
382 3782 520 3836 paupertas
541 3774 653 3836 publica,
665 3789 721 3822 curn
735 3773 801 3822 falsa
812 3783 839 3823 et
880 3776 943 3825 satis
959 3792 986 3825 se
1004 3792 1135 3839 poenarum
1153 3778 1273 3826 stultitiae
1291 3791 1344 3824 sue
1363 3775 1410 3824 de·

308 3862 404 3897 vesana
422 3863 468 3910 spe
479 3850 664 3911 opespulrlicae
678 3849 840 3903 absrrmeren·
879 3850 964 3900 disse!
997 3851 1334 3930 PlutarchusinPompeio.
1349 3850 1411 3913 fip-

311 3929 361 3974 tur.
878 3928 933 3976 ntea
1296 3953 1303 3968 ·

340 4007 352 4041 t
373 3998 549 4060 Effossougro]
575 4000 709 4048 Simillimn
729 4001 840 4049 stultitia
913 4003 1042 4065 reluta]
1087 4004 1161 4052 Anno
1187 4005 1275 4052 Rome>
1295 4000 1412 4052 condit·

309 4071 425 4136 Pomponi
440 4077 582 4124 exercitum
601 4058 841 4134 nncidlr',c=1mlnin
882 4083 938 4127 818.
955 4080 1052 4128 Christi
1064 4082 1165 4129 nstitit.
1185 4079 1344 4130 Teumesius.

308 4151 396 4200 eadem
419 4154 508 4201 Attica
529 4163 621 4200 corrtra
644 4152 786 4201 Domitium
809 4161 838 4201 et
914 4156 1065 4215 ‘Noaj'rrlau
1075 4157 1249 4219 catenensis]
1267 4155 1412 4206 Admirans

306 4221 420 4291 larbam,
432 4226 564 4280 militaret.
581 4227 649 4282 Nam
660 4241 719 4279 cum
732 4228 836 4294 quidam
876 4231 997 4282 multare
1008 4246 1072 4284 nera
1087 4247 1134 4298 per
1149 4234 1264 4300 quietem
1281 4232 1412 4286 meerl-
