3192 4909
303 384 392 467 Μ
653 397 686 443 0.
709 395 891 458 oonttitnii
916 396 1049 454 ΤΑΟΙΊῚ,
1243 404 1290 468 [Α.
1301 403 1414 458 11.de

302 545 464 630 cujusque
479 540 705 612 criminatione
719 561 761 606 eo
780 562 886 626 usque
901 543 1038 621 valrrit,⁴
1061 547 1101 608 ut
1114 542 1232 624 gratia,
1248 546 1406 628 pecunie,

302 649 337 710 vi
351 644 489 709 nocendi
502 646 603 708 etiam
617 644 740 706 malosi
753 647 987 727 praemiueret.⁵

345 748 399 811 35.
422 746 506 829 Ejus
520 762 639 808 munus
653 745 873 826 frequentanti
895 745 1030 822 Neroni,
1053 765 1094 809 ne
1119 745 1202 810 inter
1216 747 1407 828 voluptates

303 846 449 930 quidemq
463 866 485 909 a
498 846 679 909 sceleribus
692 847 897 910 cessabatur.
935 845 1060 910 Iisdem
1074 847 1198 930 quippe
1208 847 1274 910 illis
1286 847 1417 910 diebus·
1432 905 1441 918 ,

301 947 492 1030 Torquatus
506 947 641 1010 Silanus
656 947 739 1009 mori
754 947 909 1029 adigitur,
924 948 1013 1030 qnia,
1029 967 1129 1031 snper
1140 947 1162 1011 J
1164 949 1252 1012 uniae
1266 947 1405 1011 familiae

303 1047 545 1124 claritudinem,
561 1048 605 1112 D.
621 1047 812 1129 Augustum
827 1053 989 1112 atavum*
1004 1048 1140 1112 ferebat.
1184 1046 1206 1110 J
1207 1047 1291 1110 ussi¹
1306 1065 1407 1110 uoca-

301 1251 368 1304 tate,·
381 1247 458 1310 prima
469 1248 494 1294 is
505 1247 608 1295 Miiria
617 1246 713 1306 ascitum
723 1246 779 1294 deis
794 1245 907 1307 optimum
917 1260 1028 1308 qumque
1042 1245 1180 1294 criminibus
1195 1250 1276 1308 petens
1291 1259 1317 1295 ea
1332 1260 1407 1310 usqae

299 1312 444 1374 preponere,
453 1315 480 1358 ut
491 1312 563 1358 aiam
573 1325 656 1373 prasus
666 1310 815 1370 matteis,
825 1309 914 1371 apibus,
924 1315 946 1358 et
958 1313 982 1356 ei
992 1310 1090 1357 mendi
1099 1314 1229 1372 superant

336 1374 398 1434 liius
412 1375 567 1436 spectaculum
584 1374 702 1422 celebrans
718 1374 793 1434 Ncrc,
813 1389 841 1422 ae
860 1375 923 1422 ister
941 1374 1106 1421 oblectamenta
1125 1373 1219 1435 quidem
1234 1387 1249 1421 a
1267 1371 1407 1422 casim

301 1438 454 1501 temperabat.
487 1438 552 1491 Nara
570 1453 597 1487 ec
611 1438 663 1501 ipsc
678 1443 781 1499 tempore
799 1438 929 1500 iuratam
939 1437 1038 1486 Suum
1051 1438 1111 1486 mori
1126 1437 1229 1498 cogitur,
1245 1436 1300 1498 prtia
1318 1441 1407 1499 macr·

300 1502 450 1552 mbilitatsra
468 1503 551 1552 Jssioe
564 1502 654 1565 genu,
674 1503 764 1552 nima
779 1501 917 1563 Amnem
933 1503 997 1550 ister
1014 1515 1069 1550 accc
1087 1500 1227 1550 nummu.
1260 1501 1408 1564 impe-du

302 1727 434 1776 tEcaiuit
445 1724 578 1775 Acidalias
597 1725 765 1774 malebat-a
783 1726 825 1774 Sic
841 1725 907 1776 bene
919 1725 1035 1774 Pieheaa
1045 1740 1079 1774 ex
1095 1725 1229 1775 Melior.
1263 1723 1407 1790 Perperene

303 1792 330 1839 in
342 1791 407 1840 Mss.
418 1797 447 1838 et
458 1788 588 1837 veteribus
599 1787 756 1838 editionibus
773 1791 815 1840 vel
834 1791 860 1838 ia
878 1791 943 1852 aliis,
963 1790 1004 1839 vel
1022 1790 1099 1852 malis,
1118 1790 1159 1838 vel
1176 1789 1232 1839 aliis
1248 1789 1407 1854 premineret.

304 1853 456 1912 Beroaldus,
464 1853 635 1916 praemineret.
667 1852 781 1902 Brotier.

337 1922 350 1964 l
369 1917 511 1979 Perpetem
522 1916 548 1963 in
560 1916 665 1979 scriptis
683 1922 712 1964 et
728 1916 804 1965 editis
821 1917 904 1976 libris,
915 1915 936 1964 sl
957 1917 1104 1980 Ryclriaaus
1123 1915 1249 1966 editiones
1261 1915 1406 1980 exceperis,

302 1985 407 2029 maura.
441 1980 635 2028 Emendsudarn
646 1993 702 2028 esse
712 1981 811 2029 ubam
818 1981 872 2043 jam
885 1980 983 2042 pridem
995 1993 1116 2028 monuere
1127 1979 1225 2029 eruditi
1237 1982 1293 2042 riri,
1304 1981 1406 2044 Ruper-

303 2052 354 2105 tus,
372 2047 422 2106 Ep.
435 2057 480 2094 ax.
498 2045 531 2092 ad
547 2044 705 2104 licinianum,
723 2058 749 2106 p.
760 2049 817 2094 atu.
853 2045 968 2092 Valesius
990 2043 1024 2092 cd
1043 2050 1167 2106 excerpts
1186 2045 1289 2106 Dionis,
1307 2047 1325 2093 l.
1338 2057 1406 2094 axii.

303 2123 330 2171 p.
343 2112 399 2158 iit.
410 2115 438 2157 et
455 2109 580 2170 Ryelrius.
612 2107 696 2172 idque
715 2116 790 2169 patet
805 2117 860 2157 tum
877 2110 910 2156 ier
930 2108 1024 2168 Dione,
1045 2109 1095 2156 loe.
1114 2109 1160 2158 cit.
1181 2115 1236 2158 tam
1256 2123 1290 2156 ex
1311 2108 1407 2158 Tacita

304 2172 507 2222 Αυῃι1.ινι.8.
541 2172 648 2223 Brctirr.
681 2172 733 2220 Res
750 2172 813 2220 mibi
829 2171 942 2222 aoaduar
959 2171 1019 2220 eatis
1030 2171 1137 2235 liquida,
1148 2172 1181 2222 de
1193 2187 1245 2237 qna
1255 2172 1333 2222 etiem
1347 2171 1407 2222 Rel-

303 2235 390 2286 nesius
402 2235 550 2285 dubitabat.
584 2235 830 2299 Itaqaenonausus
847 2250 902 2284 snm
920 2236 1045 2298 Ryekium
1063 2236 1144 2298 sequi.
1178 2237 1275 2284 Ernest.
1309 2237 1343 2285 Et
1362 2235 1407 2284 Bi·

304 2309 376 2362 pant.
389 2301 503 2348 retinent
517 2304 672 2348 atavum—t
690 2299 732 2347 lta
747 2301 812 2349 Mss.
833 2299 902 2348 Flor.
923 2301 961 2348 Re
981 2335 987 2348 .
1005 2299 1069 2362 Agr.
1090 2299 1168 2348 Corb.
1186 2299 1267 2348 editio
1286 2299 1407 2362 princeps

250 2394 256 2400 -
303 2371 331 2412 et
343 2364 508 2412 recentiores.
541 2364 572 2413 lu
585 2363 651 2412 Mss.
662 2361 736 2411 Harl.
748 2364 804 2413 Jes.
816 2362 905 2413 (laeli.
917 2371 944 2412 et
981 2363 1196 2425 utealanas,jussi
1213 2365 1239 2412 id
1253 2369 1406 2414 accusatores.

305 2428 336 2476 ld
346 2441 447 2492 quaque
457 2427 541 2476 altera
551 2440 629 2476 meaa
640 2426 667 2475 ia
679 2427 731 2477 Ms.
742 2426 811 2477 Bud.
824 2427 946 2478 additam.
978 2427 1085 2477 Bruticr.
1119 2427 1262 2477 Gronovius
1274 2435 1361 2478 serrat
1371 2429 1407 2478 id.

790 2595 902 2646 NOTAE

335 2706 430 2756 Statim
441 2720 489 2770 pro
499 2705 619 2756 ludibriis
631 2720 693 2756 vers
701 2705 772 2756 mule
781 2707 838 2757 red·
910 2707 994 2758 Etiam
1004 2705 1087 2772 udas]
1103 2707 1231 2758 Esutrinr
1243 2707 1415 2760 tabernariae·

304 2781 359 2831 det.
384 2779 470 2844 Igitur
481 2781 563 2845 primo
574 2780 677 2831 facetiis
686 2781 837 2832 scurrilibus
876 2781 969 2833 debuit
979 2783 1104 2832 exsistere
1114 2784 1190 2832 malus
1206 2799 1300 2834 verae:
1318 2799 1350 2834 ea
1367 2793 1407 2836 tu

302 2860 359 2922 ipse
370 2858 449 2908 risum
461 2866 560 2909 tuntum
578 2858 711 2921 movebat,
727 2866 755 2908 et
772 2858 837 2910 ludi·
876 2875 934 2910 men
945 2861 988 2910 iile
1000 2867 1139 2924 provectus
1152 2868 1193 2911 est
1206 2862 1274 2912 later
1286 2861 1414 2913 eulasia..

303 2935 361 2984 bric
379 2935 512 3000 expositas
530 2935 699 2986 contumelias
719 2935 835 2996 ferebat;
877 2937 949 3000 gitis,
962 2945 988 2986 ut
1002 2951 1052 2987 non
1069 2937 1151 2986 solum
1168 2939 1242 2988 taulus
1260 2938 1368 2998 illc‚se‹l
1380 2941 1410 2988 ct

303 3013 349 3064 sed
362 3021 453 3076 postes
464 3015 574 3079 gratiam
585 3014 707 3076 adeptas,
717 3013 836 3062 crimina·
876 3014 944 3062 malis
954 3013 1016 3076 ipsis
1035 3015 1117 3077 pejor,
1129 3029 1159 3064 uc
1171 3013 1317 3063 deterrimis
1334 3013 1416 3064 dete·

303 3090 387 3140 tiones
403 3090 529 3140 exercuit.
563 3089 598 3137 Et
615 3103 689 3138 veras
706 3095 837 3138 coatume·
877 3088 1018 3139 rioresset.

302 3167 360 3230 lias,
370 3167 517 3232 solidasque
528 3166 633 3229 injurias
645 3164 743 3214 retulit.
908 3173 920 3206 t
938 3165 976 3214 Nc
988 3165 1051 3214 inter
1059 3163 1302 3229 miuptatcsquiders]
1318 3165 1361 3214 De
1372 3163 1411 3214 A·

334 3241 539 3305 lsccstusrctias]
565 3243 627 3290 Nou
646 3255 710 3305 qaus
727 3238 837 3304 iaceret,
876 3239 1001 3290 leruudro
1012 3241 1086 3292 Cart.
1097 3242 1114 3290 l.
1126 3253 1165 3290 rx.
1182 3239 1278 3290 ‘lianc
1297 3253 1408 3304 apperte

302 3319 453 3371 rediberet.
876 3321 930 3364 tum
953 3315 1070 3366 carnifex
1093 3316 1259 3379 sequebatur.
1302 3317 1416 3380 Quippe.

336 3403 349 3437 Ρ
366 3395 450 3444 Etiam
460 3394 543 3457 maim]
558 3391 640 3442 Initio
658 3398 758 3442 tantam
774 3390 836 3442 ridi·
875 3391 999 3455 Satrapes
1010 3391 1136 3456 Aspastes
1151 3391 1198 3454 (de
1214 3407 1267 3456 quo
1281 3399 1342 3443 ante
1351 3391 1411 3442 dic·

303 3469 340 3520 lus
350 3483 440 3518 scurra
450 3467 510 3529 luit,
520 3475 549 3516 et
568 3468 627 3518 solis
646 3465 747 3517 facetiis
762 3480 836 3516 exer·
876 3473 930 3518 tam
942 3466 993 3529 est)
1002 3467 1114 3518 interfici
1120 3468 1208 3532 jassus
1219 3473 1268 3529 cst,
1279 3467 1344 3516 adea
1357 3479 1408 3518 uec

301 3544 380 3606 citus,
390 3557 420 3594 uc
430 3543 514 3608 primo
524 3544 597 3592 velut
611 3543 730 3594 innoxius
741 3543 837 3606 sgebu
875 3543 983 3594 larario
990 3544 1127 3608 quicquam
1137 3541 1285 3604 erudelitas,
1293 3555 1341 3591 nec
1351 3553 1409 3592 cra·

302 3619 330 3668 ia
340 3620 399 3667 salu
411 3620 581 3678 Neroaiuaa;
598 3626 626 3668 at
639 3626 730 3683 postea
747 3618 773 3667 vi
790 3633 836 3668 no·
876 3618 977 3669 delitati
990 3620 1091 3670 luxurie
1100 3617 1204 3670 obstat!

301 3693 389 3756 cendi,
398 3700 427 3744 et
436 3692 543 3757 flagitiis
554 3695 624 3744 iuter
635 3695 715 3744 malm
726 3693 787 3756 fait,
798 3695 836 3744 its
907 3701 917 3728 ¹
931 3694 1066 3758 Augustum
1075 3695 1183 3757 maram]
1200 3694 1301 3744 Silenus
1312 3693 1345 3744 de
1356 3707 1408 3757 qua

301 3770 420 3826 utctiaar
430 3770 499 3833 ipsos
510 3771 590 3820 malos
602 3773 791 3833 praemineret.
875 3769 927 3836 iic,
945 3770 1013 3822 filias
1031 3773 1069 3821 bl.
1085 3771 1173 3830 Silani,
1194 3770 1238 3834 qui
1256 3770 1356 3820 occisus
1372 3767 1407 3822 ab

335 3845 654 3910 Eliusaaliisproemr'ssrct]
671 3848 836 3911 Scripsisse
874 3848 1020 3912 Agrippina
1037 3850 1223 3920 sapra‚l.xrn.
1256 3848 1294 3896 Μ.
1304 3846 1417 3898 sumas.

301 3925 345 3988 aa,
355 3937 388 3972 es
406 3921 476 3972 Flor.
494 3923 569 3984 vulgo
585 3924 669 3973 nata.-
685 3925 702 3973 Ι.
712 3939 758 3974 ιιι.
774 3923 835 3976 ‘Ac
874 3921 940 3974 tilius
951 3923 1023 3976 lunii
1041 3923 1119 3972 Silani
1131 3929 1158 3972 ct
1171 3921 1276 3970 AEariliae
1290 3919 1407 3984 neptae.

303 4009 389 4050 temen
401 3999 578 4063 appellatione
587 3999 682 4063 aliqua,
691 4009 780 4050 cetera
788 3999 835 4050 im·
875 3997 979 4048 AErailia
998 3999 1099 4062 Lepida
1118 4007 1180 4048 natu
1199 4014 1231 4047 ex
1250 3997 1331 4060 Jrrliu,
1345 4011 1406 4061 qua

301 4076 374 4140 peris
392 4075 687 4139 praeminentibus.
710 4076 835 4126 ‘Caesius
875 4077 962 4138 neptia
979 4073 1098 4136 Augusti,
1114 4075 1186 4126 iulia
1205 4081 1267 4124 uate
1284 4088 1318 4122 ex
1335 4071 1408 4124 Julie

300 4157 405 4202 ceteros
425 4147 601 4215 preminebat
615 4151 711 4215 peritia
730 4152 836 4216 isgumss
875 4149 927 4200 tilia
938 4150 1059 4213 Augusti.

304 4228 416 4277 Poiessa
653 4259 657 4264 ι
735 4295 739 4301 .
908 4225 1031 4280 siclulia
1040 4225 1111 4290 tilia;
1126 4225 1198 4280 lulis
1215 4224 1312 4292 nuptis,
1328 4223 1406 4276 Emi·
