3192 4909
194 471 229 530 J.
243 473 278 528 c.
295 475 349 541 or.]
566 468 772 518 iussurum
796 467 871 519 nis.
894 467 975 521 xvi.
1229 453 1317 524 2115

194 621 331 680 mente.
375 613 533 679 Thraseae
553 611 746 696 Soranoque
763 617 797 676 et
820 613 973 677 Serviliae
1000 612 1110 678 datur·
1121 615 1237 680 mortis
1259 634 1311 679 ar·

192 716 352 780 bitrium.
399 711 599 778 Helvidius*
613 721 647 777 et
658 713 828 778 Paconius
844 714 945 779 Italic
958 715 1170 798 depelluntur.
1213 717 1311 782 Mori-

194 823 306 880 tunus
320 819 407 900 putri
421 835 598 880 concessus
611 821 673 893 est,
689 816 866 898 praedicto,
879 837 920 880 ne
934 819 967 880 in
983 817 1189 900 Republica*
1210 819 1309 885 hehe

193 1025 233 1073 tis
242 1033 333 1084 gesso,
344 1025 405 1086 quod
415 1024 604 1085 eligereoellesl,
613 1024 761 1087 permittitur
774 1021 891 1084 mmo,
904 1022 1047 1086 domoque,
1058 1028 1083 1073 et
1099 1023 1219 1074 Μία.
1246 1023 1307 1072 Hel·

187 1089 282 1138 eloim
291 1093 315 1138 et
329 1089 446 1138 l’oeosirss
454 1093 590 1138 morsm
599 1089 682 1138 lidio.
715 1088 846 1137 Messores
865 1087 963 1151 perusi
984 1103 1103 1138 mecm
1121 1093 1167 1152 cel,
1180 1103 1208 1138 eu
1225 1089 1305 1136 condi·

703 1266 810 1318 NOTAE

193 1419 230 1466 ut
241 1415 279 1466 P.
288 1415 416 1480 Egnatius
425 1415 518 1465 Sorsul
527 1414 620 1465 infidus
629 1413 736 1478 emices,
776 1413 845 1464 bons
859 1414 980 1478 meisque
995 1413 1124 1479 exemplo,
1139 1410 1231 1462 eodem
1241 1416 1308 1462 terre

193 1491 226 1541 in
244 1506 306 1540 eum
322 1493 432 1553 pecunie
441 1498 578 1555 corruptus
590 1491 737 1541 testimoni·
776 1503 841 1553 pore
851 1487 1086 1553 suppeditantibus.
1112 1487 1156 1538 Its
1168 1488 1236 1552 oqui
1246 1486 1304 1550 Dii,

194 1580 245 1616 um
259 1566 367 1626 diceret,
384 1569 486 1617 Cassius
498 1581 558 1616 sero
567 1566 737 1630 Asclepiodo·
776 1569 807 1613 ut
816 1578 875 1614 cum
886 1565 1033 1629 exemplum
1043 1562 1137 1627 degitii
1154 1563 1307 1624 exoriretur,

193 1643 486 1693 tuererusetsiucerus
493 1641 654 1691 emieuseurn
665 1641 736 1692 labo·
775 1639 846 1689 eliud
864 1639 967 1690 virtutis
982 1639 1130 1702 exemplum
1146 1637 1172 1685 ci
1191 1650 1306 1701 oppone·

195 1725 305 1767 rentem
316 1732 365 1766 nou
378 1717 538 1776 deseruerim
556 1717 635 1766 etism
647 1717 669 1764 si
682 1715 736 1766 for·
775 1721 852 1775 rent3
864 1729 895 1764 ee
904 1715 1014 1780 equites
1023 1715 1165 1779 numinum,
1174 1714 1306 1780 edocui!-

195 1794 273 1843 tunis
283 1795 349 1844 obid
361 1803 452 1843 exutus
463 1799 541 1855 esset,
550 1800 579 1842 et
588 1793 616 1842 in
628 1793 734 1843 erilium
774 1789 913 1842 nitescit.

196 1875 287 1918 ectus.
806 1868 930 1933 ronse]
946 1867 1048 1934 Nempe
1070 1868 1244 1936 permittitur,
1266 1883 1305 1919 se·

230 1945 391 2004 Tolereutie
410 1944 522 2007 inquom,
544 1945 649 1994 Demens
674 1959 733 2007 crgo
773 1946 969 1995 uetnseonsnlto
982 1951 1132 2010 temen‚seu
1143 1946 1251 2005 decreto
1263 1959 1307 2010 pn·

193 2021 259 2072 tono
270 2023 376 2084 moleque
387 2025 522 2070 summo
531 2039 540 2080 ,-
552 2021 578 2070 id
590 2028 732 2083 est,excm-
773 2025 853 2084 trum,
864 2020 934 2084 qnod
951 2035 999 2084 per
1018 2027 1173 2086 questorem
1192 2019 1304 2071 consulis

194 2098 259 2162 pls:
290 2113 348 2145 uem
367 2100 536 2159 documentum,
558 2111 604 2159 pro
628 2099 732 2160 amplo
772 2096 824 2145 reis
835 2096 1045 2147 denuntiabitur.

191 2172 310 2222 sumitur
327 2187 343 2220 ι
358 2173 480 2221 Sallustio
500 2180 527 2223 et
539 2172 662 2222 Cicerone
679 2187 731 2221 nou
804 2168 817 2202 ¹¹
833 2170 972 2236 Heluidius]
988 2171 1041 2223 Qui
1052 2175 1111 2236 post
1119 2170 1253 2221 biennium
1264 2185 1303 2221 re-

194 2250 300 2307 semel;
318 2249 412 2298 melum
422 2249 550 2312 siquidem
560 2248 677 2297 exhibuit
687 2261 731 2297 ex·
770 2247 878 2296 stitutus
897 2263 914 2296 s
924 2247 1009 2298 Gelbe
1024 2262 1083 2298 cum
1100 2248 1157 2297 eliis
1175 2246 1302 2298 exulibus.

194 2321 314 2387 emplum
331 2323 465 2384 ligustici,
479 2323 574 2371 bonum
593 2336 655 2372 vcro
670 2323 732 2372 Ces-
771 2323 841 2372 Nem
857 2329 958 2386 pretor
979 2321 1039 2386 fuit,
1058 2339 1118 2373 cum
1128 2323 1304 2388 Vespasianus

194 2401 263 2464 sius,
273 2399 364 2464 quibus
376 2399 491 2448 Deorum
504 2397 594 2447 eedem
606 2397 731 2462 nequitate
770 2399 906 2463 imperium
916 2399 1029 2463 sdeptus
1037 2405 1088 2450 est.
1104 2400 1149 2451 De
1158 2401 1303 2452 eoSueton.

192 2476 262 2527 nitio
274 2483 302 2525 et
321 2475 407 2540 gretie
417 2473 515 2524 habite.
532 2470 664 2525 Marcellus
679 2473 731 2523 Do·
770 2475 880 2538 Vesper.
892 2480 931 2525 lo.
948 2475 1092 2525 ‘Helvidio
1102 2475 1204 2541 Prisco,
1214 2476 1259 2542 qui
1275 2485 1303 2528 et

191 2559 276 2604 odiu.
770 2565 904 2601 reversum
922 2565 949 2600 se
968 2565 1002 2600 ex
1012 2551 1090 2616 Syrie
1105 2550 1183 2615 solus,
1198 2553 1302 2614 prirsto

227 2627 329 2678 Eodem
350 2627 402 2689 die,
418 2641 464 2676 seu
484 2625 729 2690 tempore,'1'ecitus
768 2626 870 2675 nomine
881 2626 1070 2690 Vespssiunnsu
1089 2628 1258 2691 solutorem,
1274 2635 1304 2678 et

192 2702 241 2766 eit,
251 2701 388 2752 habuimus
399 2700 497 2765 egregii
509 2705 537 2749 st
549 2698 654 2762 pessimi
666 2696 728 2748 ioct-
768 2702 795 2751 iu
807 2707 923 2766 pretore
933 2701 1052 2752 omnibns
1069 2702 1163 2755 odietis
1181 2704 1237 2768 sine
1254 2703 1300 2755 lio·

191 2776 266 2828 noris
278 2778 475 2826 documentum:
493 2787 552 2823 num
564 2772 633 2822 Pub.
645 2773 729 2835 Epos-
768 2775 848 2840 uore,'
857 2776 896 2841 (id
912 2783 963 2836 cst,
974 2791 1033 2825 corn
1040 2777 1228 2840 Vespeslsnum
1243 2787 1299 2829 teu-

192 2848 728 2914 tiusCeiertestimonioperculitemicnrn
768 2861 836 2916 tum,
854 2865 905 2900 non
924 2852 1054 2901 Ceserem
1083 2860 1129 2902 eut
1155 2853 1300 2919 principem

192 2929 306 2980 Bsreem
317 2929 460 2978 Somnum:
479 2939 554 2990 quem
564 2929 655 2989 operte
667 2924 729 2974 cis·
770 2926 931 2992 oppetierunt,
949 2929 1023 2992 qussi
1034 2927 1118 2978 editoe
1129 2929 1247 2992 privatus
1258 2946 1298 2982 es·

193 3005 248 3055 sius
256 3002 331 3067 fovit,
339 3001 481 3068 officiisque
492 3001 589 3051 meruit
599 3000 664 3049 irem
674 2999 727 3051 Ne·
767 3009 809 3053 set
815 3000 836 3068 ς)
847 3003 896 3051 ‘sc
906 3004 1038 3052 mentione
1046 3004 1100 3053 uile
1110 3007 1300 3070 transmiserit,

192 3079 275 3131 sonis.
767 3091 819 3128 non
830 3085 890 3128 ente
898 3079 1055 3144 succensuit,
1063 3079 1298 3143 quumtltercetio·

227 3155 272 3206 De
302 3155 414 3217 Egnatio
441 3152 562 3204 Juvenal.
598 3151 661 3200 Set·
682 3161 727 3202 trs.
766 3155 843 3206 nibus
859 3154 1065 3204 insolentissimis
1083 3168 1157 3218 pene
1179 3156 1207 3206 in
1228 3157 1297 3207 ordi·

191 3229 317 3282 ‘Stoicus
336 3229 433 3278 occidit
452 3228 572 3289 Boreum,
585 3225 686 3276 deletor
701 3242 726 3275 o·
765 3243 826 3281 nem
834 3230 964 3280 reductus.
997 3230 1075 3280 Hunc
1087 3245 1296 3296 quoquequsm·

192 3305 298 3365 mcum,
311 3302 524 3367 Discipulumque
532 3301 630 3353 senex!
765 3305 805 3354 vis
814 3305 957 3367 relegatum
973 3305 1064 3368 primo,
1072 3303 1168 3355 deiude
1179 3313 1208 3356 et
1218 3307 1297 3357 inter·

227 3379 325 3430 Eodem
347 3387 436 3429 noster
454 3377 525 3428 Hist.
543 3390 581 3427 ιν.
598 3376 724 3442 ‘Quippe
764 3379 809 3430 fici
815 3381 923 3445 jussum,
933 3382 1020 3445 mspni
1037 3381 1176 3432 estimsvit
1192 3397 1295 3434 seruere

192 3457 284 3506 Somni
304 3463 393 3504 sanctu
414 3457 551 3504 memoris:
574 3454 649 3504 Celer
666 3467 724 3517 pro·
765 3470 869 3522 quoquo
879 3457 964 3514 modo,
973 3455 1057 3505 missis
1071 3457 1116 3520 qui
1133 3470 1294 3520 percussores

192 3529 277 3580 sessus
295 3533 457 3593 sapientiem,
474 3531 534 3581 dein
552 3531 724 3580 testisinBe-
765 3538 936 3592 revocsrent3
964 3537 992 3580 et
1016 3538 1153 3595 servasset,
1173 3531 1222 3582 nisi
1237 3533 1294 3597 jem

192 3619 273 3668 reem,
291 3607 410 3668 proditor
429 3616 618 3672 corruptorque
638 3607 724 3658 smlei-
763 3609 873 3674 periisse
904 3605 968 3656 falso
995 3607 1171 3658 renuntiatum
1206 3611 1295 3660 esset!

193 3683 249 3747 tire,
260 3685 333 3748 enjus
345 3684 540 3746 semrgtstrnm'
551 3683 659 3734 serebat.
676 3685 722 3734 So-
762 3684 914 3734 Seustorcm
935 3682 1004 3746 loqui
1027 3682 1060 3730 de
1083 3685 1185 3747 Repub.
1204 3684 1292 3748 decet,

191 3760 298 3810 meins.
762 3760 809 3810 sed
820 3759 904 3810 minus
916 3757 1038 3809 ferociter
1049 3775 1126 3824 egere
1146 3775 1205 3810 cum
1220 3763 1291 3824 priu-

225 3835 291 3886 uiui
311 3837 405 3896 proluis
423 3835 484 3885 hinc
495 3849 585 3884 sensns
596 3842 623 3883 et
637 3849 722 3898 prom·
761 3835 829 3900 cipe,
839 3835 962 3899 sepientis
973 3841 1021 3884 est.

192 3917 250 3964 tte:
270 3913 340 3962 Deos
351 3909 495 3973 ostendisse
516 3925 566 3960 uon
586 3911 653 3960 mels
668 3918 722 3961 tsn-
792 3908 799 3943 ¹
817 3911 936 3960 Praedicto
951 3925 982 3959 sc
996 3909 1107 3975 inliso]
1121 3909 1244 3975 Accipio,
1261 3919 1290 3960 ut

192 3995 248 4038 tum
260 3989 389 4052 exemplu,
397 3988 441 4037 sed
454 3995 482 4037 et
494 3987 569 4038 bons.
586 3987 720 4038 Quomodo
760 3987 850 4039 Βοωα
870 3989 975 4054 quidem
992 4003 1049 4038 esse
1069 3989 1094 4038 el
1116 3988 1226 4048 liceret3
1242 3988 1290 4037 sed
1344 4005 1345 4008 ¹

191 4063 259 4113 infru
270 4065 305 4114 H.
318 4079 335 4112 ι.
346 4069 370 4114 t.
387 4065 467 4114 ‘Nou
484 4069 571 4113 temen
586 4062 651 4113 odeo
669 4062 720 4112 vir·
760 4066 852 4130 procul
871 4065 905 4114 sis
926 4065 1023 4114 honore
1043 4063 1113 4114 omni
1131 4069 1160 4113 ct
1178 4062 1288 4127 publicis

192 4145 276 4189 tutum
287 4141 376 4190 sterile
386 4141 518 4202 seculum,
535 4147 566 4190 ut
577 4155 627 4190 uon
638 4145 667 4190 et
677 4139 720 4189 bo·
758 4141 917 4207 muneribus,
939 4139 1022 4192 ritem
1041 4147 1133 4204 egeret
1149 4141 1285 4204 pristim.

191 4216 718 4279 mexemplsprodidcritllusisslsessier.
757 4217 862 4284 Ιιίμίν.

223 4289 359 4357 Epeitslc]
383 4293 485 4358 Nempe
506 4293 568 4344 Diis
587 4307 621 4344 ex
642 4307 717 4360 equo
