3192 4909
213 349 352 428 turcl
576 343 787 396 sursum!
809 345 884 396 nra.
906 345 971 396 xv.
1228 329 1318 404 2006

213 493 302 562 ruine
315 489 463 568 Pisonis,
478 485 570 571 qnod
585 495 618 552 a·
633 486 773 554 ruendo
788 505 830 552 eo
844 487 1082 570 prohiberetur,
1098 507 1200 571 seque
1212 489 1316 556 ratio·

215 613 291 658 neus
303 591 503 658 valetudinis
516 596 551 655 et
562 595 719 654 amorem²
734 591 857 672 quietis
878 589 1116 667 excusavisse:
1131 591 1315 677 respondit,

215 693 308 758 ‘Gur
332 693 470 770 salntem
495 690 617 774 privati
638 690 781 754 bominis
804 691 1024 756 incolumitati
1043 711 1115 756 suae
1129 692 1315 774 romanor,

212 813 353 860 causam
378 813 445 859 non
464 791 643 858 babuisse:
665 811 726 858 mc
754 793 822 858 sibi
845 800 1025 878 promtum
1046 793 1083 870 iu
1108 793 1316 862 adulationes

210 897 388 978 ingenium.
434 893 541 976 quue
566 893 647 959 nulli
672 897 780 976 magis
809 913 958 975 gnarum,
973 914 1075 978 quum
1096 893 1233 974 Neroni,
1254 895 1314 978 qui

212 998 340 1079 saepius
353 997 538 1060 libertatem
553 995 712 1072 Seuecae,¹
725 1013 825 1078 quam
845 997 1014 1060 servitium
1028 1002 1189 1078 expertus
1201 995 1314 1062 esset·

212 1095 282 1160 Ubi
296 1098 369 1162 baec
384 1117 406 1161 a
419 1095 568 1160 Tribuno
581 1095 685 1160 relate
699 1104 785 1174 sunt,
795 1097 952 1179 Poppaea
965 1097 1174 1178 ctTigellmo
1187 1115 1311 1174 comm,

211 1197 300 1281 quod
315 1205 384 1261 erat
397 1197 546 1262 saevienti
565 1196 713 1278 Principi
736 1199 886 1262 intimum
910 1199 1152 1275 consiliorum·
1176 1199 1313 1262 iuterro-

209 1303 285 1380 gat:
301 1305 310 1335 ‘
324 1319 366 1364 an
380 1297 509 1363 Seneca
522 1297 740 1362 voluntariam
752 1304 889 1364 mortem
904 1298 1069 1383 parareti’
1090 1297 1178 1363 'l'uru
1189 1297 1312 1364 'lbibu-

208 1417 283 1478 nus,
309 1399 423 1463 ‘nulle
449 1399 587 1482 pavoris
610 1398 730 1480 signa?
754 1400 835 1463 nihil
860 1402 952 1465 triste
975 1403 1009 1464 in
1031 1402 1144 1466 verbis
1163 1401 1239 1485 ejus
1252 1405 1311 1466 aut

147 1527 158 1544 ·
208 1501 303 1565 vultu
325 1498 586 1584 deprehensum,’
611 1501 832 1566 confirmavit.
877 1501 967 1584 Ergo
995 1503 1145 1584 ‘regredi
1169 1510 1203 1568 et
1224 1502 1310 1566 indi-

208 1601 442 1666 ceremorteru’
452 1601 614 1684 jubetur.⁰
655 1599 773 1667 'lbadit
797 1603 924 1668 Fabius
950 1603 1127 1682 Rusticus,
1151 1607 1241 1668 ‘non
1255 1622 1309 1684 eo,

208 1779 278 1856 quod
290 1781 361 1831 aditu
373 1781 442 1831 illius
452 1788 596 1844 arceretur,
605 1796 684 1847 seque
696 1797 799 1832 cansam
810 1785 837 1833 in
853 1783 971 1834 morburu
981 1790 1009 1834 et
1019 1785 1167 1849 cupidinem
1180 1785 1228 1834 otii
1239 1791 1309 1834 retu·

206 1845 276 1896 lass.
308 1847 513 1896 Arnilrilcanse
525 1845 613 1908 fuisse,
633 1860 680 1896 cur
699 1850 905 1899 incolumitatem
922 1849 1018 1912 privati
1034 1850 1142 1900 bominis
1159 1863 1213 1899 sue
1229 1851 1308 1901 saluti
1353 1884 1355 1890 ,

206 1918 384 1974 preponeret:
403 1925 451 1961 uec
462 1911 510 1960 ribi
522 1925 628 1973 pronum
638 1911 664 1960 in
673 1913 863 1963 cruentationes
873 1915 995 1964 animum.
1023 1913 1108 1979 lrlque
1119 1913 1214 1964 nemini
1224 1915 1307 1976 magis

119 1989 124 1996 ·
206 1985 376 2039 compertum,
394 1987 471 2040 quum
492 1976 591 2025 Neroni
612 1976 668 2039 ipri,
686 1978 729 2040 qui
744 1978 840 2040 sapius
858 1979 1024 2042 cognovisset
1040 1979 1186 2028 libertatem
1198 1980 1306 2028 Senecae

205 2053 282 2100 quam
293 2041 453 2089 servitutem.
488 2041 549 2088 cim
556 2039 606 2088 boec
616 2040 724 2088 tribuum
732 2041 899 2100 reserstiaarrt,
912 2042 1068 2104 praecatione
1077 2043 1181 2106 Poppoeu
1192 2047 1215 2090 et
1227 2043 1307 2105 liget-

205 2103 262 2164 lino,
273 2107 333 2166 quud
344 2109 394 2152 rrct
403 2105 574 2166 grnrsurtiprr
581 2104 753 2153 inurbanitatem
761 2106 899 2169 imperatori
904 2106 1080 2156 martiniacum
1087 2107 1246 2169 cmsilirraar,
1252 2122 1307 2169 per·

204 2171 347 2226 cunctatur,
364 2182 396 2217 au
407 2171 543 2216 Senecase
554 2167 587 2215 url
597 2175 764 2230 spontaneam
781 2176 891 2219 mortem
909 2169 1076 2233 disponeret?
1094 2169 1307 2219 thamnae

202 2230 319 2290 triburias,
333 2233 402 2280 nnlla
411 2231 604 2291 ammodumisse
613 2231 757 2282 tumidiora
769 2234 874 2295 indicia,
885 2234 1001 2298 nihilque
1019 2239 1139 2283 moesturn
1148 2235 1176 2283 in
1187 2247 1305 2283 sermone

202 2293 271 2345 illius
283 2303 328 2345 unt
339 2295 406 2344 facie
433 2295 585 2358 erspexisse.
612 2297 699 2360 ltaque
715 2298 813 2347 reverti
823 2299 932 2361 jutum,
944 2307 973 2347 et
987 2306 1098 2348 mortem
1109 2299 1134 2347 el
1144 2299 1306 2348 denuntiare.

204 2357 293 2408 Scribit
305 2360 396 2410 Fabius
478 2359 483 2370 '
524 2395 533 2424 ,
545 2373 596 2410 nou
616 2361 708 2410 cariem
729 2363 771 2412 ria
789 2363 900 2412 rediisse
917 2363 1047 2428 mua,
1056 2378 1110 2428 pua
1128 2371 1247 2427 venerut,
1257 2363 1305 2413 sed

667 2491 710 2509 ou
713 2491 845 2511 neuun

236 2575 247 2620 l
268 2569 311 2621 lta
322 2572 387 2621 Mss.
399 2572 469 2621 Flor.
482 2539 549 2634 ling.
560 2572 688 2622 editiones
700 2580 802 2623 veteres
812 2579 840 2622 et
849 2575 1018 2625 recentiores.
1050 2572 1211 2638 Praepositio
1227 2571 1305 2624 abest

203 2650 218 2684 a
237 2635 300 2686 tiss.
318 2636 391 2686 Harl.
415 2637 489 2687 llodl.
505 2638 561 2688 les.
581 2637 720 2686 ereuenus
740 2652 798 2687 eam
818 2653 922 2704 quoque
940 2638 1085 2689 omisit—2
1101 2638 1145 2688 lta
1157 2639 1221 2688 Mas.
1234 2637 1304 2687 Flor.

201 2699 279 2752 Curb.
290 2700 372 2751 editio
384 2700 516 2766 princeps,
527 2701 642 2752 Picbena
653 2709 681 2750 et
693 2702 862 2752 recentiores.
895 2703 1066 2765 Puteolanus,
1075 2717 1100 2750 ss
1116 2703 1207 2751 ratione
1216 2703 1304 2751 actita-

701 2847 808 2898 NO'l'lE

231 2982 243 3019 t
260 2977 312 3025 ,Nec
322 2976 369 3025 siti
377 2977 508 3041 promturi]
523 2976 585 3040 lpse
600 2975 634 3025 de
652 2989 680 3025 se
698 2975 731 3026 ad
771 2973 841 3023 ieros
852 2973 985 3038 potins,et
996 2973 1304 3038 pomumqnedemrpi·

198 3051 347 3102 Neronem:
382 3053 464 3102 ‘Nou
488 3052 606 3102 blandiar
628 3053 730 3102 auribus
771 3050 888 3100 clunibus
896 3051 948 3099 suis
959 3049 1304 3113 Demmnsuluimecquam

199 3128 268 3176 tuis:
284 3128 412 3176 necenim
422 3127 656 3178 mlbiluicruosest.
674 3127 731 3177 Ma·
770 3125 937 3190 lupanaribus
958 3133 1038 3190 atquc
1065 3124 1211 3187 prostitutis
1231 3137 1304 3172 urus·

197 3201 288 3252 luerim
299 3203 365 3251 reris
381 3201 522 3267 offendere,
538 3217 613 3269 quam
626 3204 734 3274 placere,
771 3203 860 3252 unser
878 3201 1058 3266 luquisitiones
1078 3214 1140 3248 eas:
1157 3199 1229 3248 nulla
1243 3213 1302 3264 pro·

199 3278 345 3328 adulando!
373 3280 475 3343 Lipsius
769 3279 843 3331 fecto
871 3295 953 3342 sacra,
979 3279 1084 3329 barbari
1108 3279 1172 3328 licet
1199 3277 1301 3342 ferique

229 3355 299 3411 'Qut
309 3357 395 3420 sepior
403 3355 535 3406 licerium
544 3355 651 3418 Seuere]
660 3356 728 3408 Quae
769 3359 845 3422 ritus,
855 3373 906 3407 uun
921 3357 1026 3407 mitiora
1036 3371 1114 3421 quarn
1132 3355 1303 3418 cogitationes

197 3431 302 3481 libertas
314 3433 436 3483 adversus
448 3433 579 3497 principes
589 3445 662 3496 supe
674 3433 728 3481 rin·
768 3435 825 3497 ejus
836 3433 961 3483 fuissent!
994 3431 1178 3482 Frontem

198 3509 372 3560 dicatai'erm.
390 3510 584 3576 Apuplr.l.vrr.
600 3509 728 3560 Aristotc·
799 3508 903 3559 *Nara
920 3511 1014 3573 pauoris
1034 3507 1115 3573 rigas]
1151 3507 1222 3570 Lege
1243 3507 1300 3557 baec

195 3588 235 3638 lea
246 3587 446 3636 ‘Callisthenem
457 3588 612 3651 discipulum
622 3587 727 3636 liberius
769 3603 828 3638 cum
843 3587 1027 3652 sequentibus:
1045 3593 1073 3634 et
1083 3584 1202 3647 admitte,
1212 3586 1299 3649 rodes,

196 3663 279 3713 multa
300 3662 431 3712 dicentem
453 3663 523 3730 apud
548 3662 726 3712 Alexandrum
767 3663 1023 3714 calumniasDionis.
1056 3661 1161 3724 Lipsius.

197 3739 341 3790 Homerico
352 3741 466 3789 camline
482 3739 624 3789 admonuit.
641 3737 728 3798 mirso
800 3746 811 3771 s
827 3739 935 3788 laticere
949 3743 1048 3787 nomm
1058 3737 1168 3800 jebaar]
1186 3737 1300 3788 interro

195 3814 420 3878 pertinencium,
436 3814 526 3876 ἔσσεαι,
544 3813 575 3864 ul'
591 3813 725 3878 &popeirrrr
768 3825 844 3880 gatus
861 3815 992 3865 Tribunus
1007 3831 1040 3863 un
1057 3823 1167 3865 nortem
1182 3815 1300 3864 volantu-

196 3893 273 3957 Taliu,
285 3898 349 3957 rute,
360 3893 455 3957 lupum
465 3891 609 3943 mmo
623 3896 726 3955 tempore
763 3894 830 3942 riam
847 3893 896 3942 sibl
915 3894 1016 3942 Seneca
1040 3899 1154 3954 pararet,
1172 3905 1230 3938 esur
1247 3903 1299 3938 uon

195 3971 266 4020 circs.
766 3971 870 4031 paranti
881 3970 1020 4019 indiceres
1033 3970 1139 4024 Nerone
1144 3967 1232 4032 jussus
1249 3973 1299 4016 est.

225 4052 238 4080 ⁸
250 4045 319 4106 Queri
326 4051 379 4096 erar
386 4044 607 4108 menaporum
616 4045 726 4094 intirim
765 4047 830 4095 Erat
840 4046 908 4095 eninr
917 4061 1052 4107 summurn,
1062 4045 1130 4109 qucrl
1142 4041 1246 4106 tyranni
1257 4055 1299 4091 re

194 4121 353 4184 munitiorem]
371 4121 430 4172 lloc
441 4121 525 4185 iprum
542 4122 657 4186 graviter
667 4133 725 4186 per·
764 4127 835 4172 teres
845 4121 983 4184 baberent,
994 4121 1116 4171 damnato
1126 4121 1187 4182 jure
1207 4120 1248 4167 rel
1259 4120 1298 4168 in

195 4198 311 4263 stringit.
335 4199 403 4252 Ptin.
423 4211 495 4252 xxx.
513 4203 538 4252 t.
553 4197 725 4250 ‘Utinamlu
761 4199 951 4264 jnrialibcram
962 4199 1051 4248 mortis
1062 4196 1217 4248 electionem
1234 4211 1297 4249 eon·
