3192 4909
321 395 407 462 1756
673 400 707 451 ο.
730 395 911 448 coenatu
935 393 1070 444 τιιιιτιΙ
1249 394 1416 460 [qums.

363 551 418 616 dd.
442 553 453 585 ‘
467 547 572 615 Libet¹
586 552 775 629 argumenta
788 544 979 626 conquirere
992 541 1027 604 iu
1039 557 1091 616 eo,
1101 535 1193 621 quod
1207 535 1424 618 sapientiori,

353 695 447 747 Placet
457 697 613 760 investigare
623 695 735 744 rationes
747 693 775 742 iu
785 707 818 741 ea
828 691 980 756 quaestione,
997 704 1053 753 quae
1072 683 1282 753 prudentioribus
1293 685 1347 746 iona
1357 685 1419 734 alin

353 887 408 937 Per
425 887 668 951 interrogationem
686 883 764 935 Libet
774 897 848 948 argo·
887 885 978 946 instar,
999 889 1028 932 et
1048 883 1135 946 potius
1168 878 1267 945 mequi
1290 876 1429 928 debemus

321 973 407 1014 menta
418 979 485 1014 nunc
501 965 581 1012 etiam
592 963 753 1027 conquirere,
764 959 849 1010 utad-
888 973 989 1008 sensum
1000 960 1122 1020 auctoris,
1132 972 1207 1024 qnam
1219 955 1306 1006 verba.

320 1039 372 1088 huc
381 1040 582 1100 demonstretur,
595 1045 696 1085 veteres
708 1033 849 1098 prudenter
920 1037 963 1085 Sic
974 1036 1007 1084 ab
1017 1036 1071 1085 istis
1085 1035 1180 1096 verbis,
1194 1037 1237 1082 oet
1247 1032 1340 1082 roim
1349 1045 1417 1080 marr·

320 1112 485 1174 deliberasse,
505 1112 686 1174 sapienterque
712 1123 849 1173 usurpasse
888 1113 976 1178 &pium
985 1112 1160 1174 detrahebatur,
1170 1112 1258 1161 atatim
1277 1109 1372 1161 transit
1381 1110 1417 1160 ad

320 1187 400 1236 talem
419 1186 582 1236 severitatem
602 1185 724 1234 adversus
743 1183 848 1233 servos?
889 1189 1000 1248 diversa,
1012 1189 1192 1252 pronuntiemur
1211 1189 1274 1236 nitro
1294 1187 1421 1236 dom

321 1275 427 1325 agamus
438 1277 504 1311 nuuc
516 1262 589 1325 quasi
606 1261 683 1310 hodie
700 1261 811 1324 primurn
822 1261 849 1308 in
882 1267 1034 1326 ,iuremus
1050 1264 1141 1322 uideri,·
1164 1264 1224 1314 dein
1234 1263 1365 1326 conquirit
1376 1276 1419 1311 ar-

320 1335 370 1386 itae
391 1337 534 1401 quaetione
555 1337 719 1387 stataendnm
742 1336 850 1385 habere·
890 1347 1020 1403 gameutq
1039 1340 1143 1404 quibus,
1157 1340 1228 1403 qnasi
1246 1340 1273 1388 io
1291 1353 1319 1387 re
1340 1352 1420 1402 nora,

320 1424 387 1475 ntus,
395 1413 552 1461 creditisne?
567 1417 617 1465 dre.
889 1417 1001 1479 evincat,
1012 1415 1081 1465 aliud
1096 1429 1147 1464 nou
1164 1415 1314 1478 possejnste
1325 1413 1420 1463 decer·

353 1489 512 1553 ceterasque
529 1490 642 1538 rationes
658 1490 745 1553 pergit
755 1488 850 1539 afferre
889 1491 925 1552 ni,
941 1497 970 1538 et
989 1489 1111 1552 antiquis,
1122 1495 1152 1537 ut
1168 1487 1375 1552 sapientioribus,
1390 1487 1419 1536 id

322 1566 433 1628 codor,
452 1567 543 1630 quibus
559 1567 661 1615 evincat
678 1581 695 1615 a
709 1567 850 1626 veteribus,
889 1567 948 1616 oiim
968 1573 1041 1616 recte
1058 1565 1184 1614 sancitum
1205 1578 1271 1624 ease,
1282 1571 1432 1633 ιιιιιαιιηιοΔ

320 1647 443 1705 tanquam
454 1640 663 1703 sapientioribus,
673 1640 709 1690 sic
719 1647 791 1690 recte
797 1641 850 1704 jus-
889 1656 976 1691 omnes
994 1643 1063 1693 servi
1082 1642 1108 1690 in
1127 1656 1159 1691 sa
1178 1639 1256 1690 durno
1283 1647 1420 1690 manentes

322 1715 581 1778 teqnedeiiberatum
591 1730 656 1765 esse.
889 1722 1054 1766 necarentur.

355 1790 550 1854 Pmutiem]
565 1791 614 1840 Vei
625 1790 652 1839 id
668 1790 761 1840 referri
771 1790 851 1841 debet
922 1791 1115 1856 mentiemur]
1141 1792 1280 1843 Οοιιοειιίο
1301 1792 1344 1842 ilia
1367 1797 1432 1854 sat,-

323 1865 357 1915 ed
366 1866 401 1928 id,
412 1866 480 1930 quod
492 1865 628 1928 praeeedit,
637 1865 685 1915 hoc
697 1881 791 1929 sensn3
808 1866 851 1915 Αιι
890 1869 935 1918 sed
948 1869 1103 1932 indignantis
1114 1876 1142 1918 et
1158 1870 1280 1919 inuidiam
1290 1868 1419 1918 moventia

323 1939 384 2012 qnia
394 1940 500 2006 iujurias
518 1955 577 1992 suus
596 1942 665 1992 nitus
675 1947 717 1991 est
731 1940 853 1992 iuterfec-
892 1946 1017 1995 oratoris:
1032 1945 1209 2008 pronuntiemur
1218 1947 1289 2006 nitro,
1300 1943 1380 2007 ultro,
1390 1941 1418 1990 id

322 2016 379 2070 tor?
388 2033 421 2069 au
431 2021 489 2084 quia
497 2020 595 2070 avitum
602 2019 754 2084 mancipium
765 2018 852 2068 detra·
891 2026 941 2082 est,
951 2035 979 2068 re
991 2035 1080 2083 parum
1093 2027 1215 2069 accurate
1225 2019 1382 2081 examinata,
1393 2021 1429 2067 et.

321 2095 449 2145 bebatur?
477 2095 698 2159 pronuntiabimus
721 2095 850 2145 dominnm
890 2095 963 2159 quasi
976 2093 1084 2156 diceret,
1095 2100 1194 2143 temere
1214 2093 1420 2155 pronuntiemus,

319 2172 380 2236 jure
391 2187 486 2222 cresum
499 2172 590 2224 videri.
621 2174 671 2222 Vel
686 2173 719 2222 ad
737 2172 764 2221 id
781 2172 850 2237 quod
890 2169 1420 2233 mutuumjureooeaamoideri.Sedlidetffl.

324 2249 448 2314 sequitur,
459 2251 510 2312 aic;
529 2250 704 2314 prmaatienroa
721 2249 793 2314 ultro,
812 2252 853 2312 ise.
924 2247 968 2296 Sic
980 2255 1008 2296 ut
1018 2247 1082 2297 irem
1092 2247 1315 2309 moventCassinr,
1328 2259 1422 2296 couce-

322 2322 374 2372 ded
396 2324 454 2378 tibet
475 2331 530 2375 aute
551 2331 689 2390 argumeadr
709 2326 858 2390 meminere„
894 2321 933 2372 dit
945 2322 1078 2388 plusquam
1091 2317 1423 2386 petebatnraquoqname

323 2400 395 2465 qnasi
415 2400 452 2449 ric
472 2401 620 2465 scripsisset
638 2400 763 2451 Tacitus:
791 2400 856 2450 Pro·
894 2399 1018 2465 patribus.
1051 2399 1136 2450 Nemo
1148 2399 1215 2449 enim
1230 2397 1352 2448 censebat
1359 2397 1423 2461 jure

324 2475 480 2540 nuntiemus,
491 2476 537 2525 aed
556 2476 623 2525 tibet
636 2475 764 2540 inquirere
774 2475 855 2539 priua,
894 2489 989 2525 caesum
1000 2473 1144 2526 Pedanium
1161 2472 1251 2538 videri,
1262 2471 1313 2522 aed
1320 2478 1425 2522 tantm

323 2563 357 2600 au
369 2558 440 2599 recte
461 2550 651 2614 pronuntiaturi
668 2548 764 2598 aimus?
780 2550 855 2614 quusi
894 2551 978 2601 occidi
990 2551 1111 2612 familiam
1127 2565 1226 2620 ornum,
1244 2555 1274 2599 ut
1293 2548 1355 2614 qnid
1374 2548 1423 2600 im·

319 2625 374 2688 jam
395 2627 505 2689 primum
527 2625 559 2674 de
578 2640 609 2674 ea
627 2639 656 2675 re
676 2631 859 2690 statueremus,
894 2641 973 2677 urane-
988 2628 1151 2692 rejiciebant,
1166 2642 1226 2676 nam
1247 2631 1375 2691 serumque
1394 2625 1433 2674 isa.

324 2701 396 2764 quasi
407 2714 534 2765 nusquam
551 2707 628 2750 antea
640 2700 672 2750 de
683 2701 741 2766 ipsa
759 2701 855 2752 delibe·
893 2703 943 2766 ipeo
963 2710 1032 2754 nort
1052 2704 1131 2755 dudio
1151 2703 1250 2754 nimiam
1273 2702 1424 2754 mutiriane

323 2775 734 2826 ratumautcoustitutnmeseet.
893 2781 1074 2844 ceperanum.

356 2851 551 2916 summme]
574 2852 616 2901 Ne
628 2851 720 2902 seriem
731 2852 854 2904 orationis
895 2909 900 2918 ,
927 2855 1298 2920 Hicigiturrensuslociest:
1316 2855 1422 2921 mquid,

324 2939 465 2976 connexam
476 2927 551 2975 simui
562 2932 590 2975 et
598 2927 667 2976 clare
676 2941 779 2990 semper
787 2942 855 2992 quae·
893 2937 924 2982 ut
934 2932 1037 2997 quidem
1054 2933 1282 2998 unguentumque
1296 2933 1426 2982 multae

323 3015 365 3052 ras
377 3004 445 3066 apud
453 3003 572 3053 Taciturn
583 3003 795 3053 concionantem:
809 3003 852 3054 ab·
892 3012 927 3057 eet
938 3006 1091 3066 interfectori
1115 3025 1146 3058 ua
1163 3009 1218 3073 qaia
1235 3011 1265 3059 de
1273 3013 1373 3073 pucras
1381 3023 1424 3072 ps-

323 3079 417 3129 scisma
429 3084 457 3128 et
468 3078 593 3143 abruptus
611 3079 697 3129 Taciti
709 3081 798 3147 genius
811 3087 853 3130 eet
892 3083 961 3132 caria
979 3087 1126 3146 transegerat
1145 3099 1204 3134 cum
1224 3084 1324 3134 domiuo
1346 3084 1380 3134 de
1394 3083 1433 3134 li·-

323 3153 533 3205 iactationibus:
551 3155 640 3204 statim
650 3153 682 3203 ad
692 3155 742 3204 alia
751 3155 853 3219 mansit,
891 3157 1060 3208 bertuteaua?
1078 3175 1108 3208 aa
1117 3161 1171 3222 quio
1181 3155 1422 3224 commonuerim

323 3245 393 3296 saepe
404 3246 455 3279 oou
471 3231 532 3278 satis
547 3233 677 3292 completo
687 3245 773 3292 seusu,
785 3237 852 3280 etse
891 3231 932 3279 illi
959 3231 1135 3298 auferebatur,
1162 3234 1221 3283 ideo
1247 3233 1422 3298 pronuntiabi-

324 3303 423 3369 iegeuti
440 3301 558 3352 snffnrari
570 3309 649 3352 amat.
892 3319 957 3366 mus,
967 3307 1030 3355 uitro
1039 3307 1218 3368 dominumjrere
1229 3322 1315 3358 ceruus
1324 3308 1401 3358 uideri
1408 3305 1424 3360 2'

356 3380 407 3430 Sed
418 3380 520 3444 genium
539 3380 609 3428 illam
624 3378 719 3429 sectari
731 3380 814 3430 animo
826 3387 853 3430 et
925 3380 995 3430 Num
1017 3382 1104 3446 potius
1123 3384 1178 3434 libet
1200 3392 1261 3434 ante
1282 3390 1424 3447 armato

325 3467 384 3508 enm
400 3455 445 3502 ilio
463 3454 571 3505 transire
594 3453 627 3503 ad
649 3452 753 3504 diversa
774 3455 853 3505 debe·
893 3460 1036 3525 conquirere,
1057 3461 1150 3526 quibus
1167 3462 1305 3514 manifeste
1324 3469 1434 3527 puteat,v

324 3542 391 3591 arus,
403 3535 430 3578 et
439 3537 595 3577 connectere
607 3541 752 3590 aensa„nou
765 3529 852 3594 rerba,
894 3550 970 3600 quant
981 3537 1113 3601 sapienter
1127 3536 1160 3588 ab
1177 3538 1288 3603 tutiquie
1299 3537 1436 3595 deliberet·¹

324 3603 393 3652 haud
402 3604 538 3652 admodum
551 3603 632 3667 anxii,
643 3605 762 3654 sisennus
774 3605 853 3656 iuter·
894 3617 949 3661 tum
961 3613 995 3662 sit
1006 3612 1039 3664 de
1055 3614 1160 3679 ingenio
1178 3620 1206 3664 et
1225 3613 1355 3679 pravitate
1368 3627 1434 3664 ser·-

324 3684 416 3741 ruptua
437 3677 480 3740 sit,
501 3692 595 3741 neque,
614 3679 732 3729 videatur
750 3681 858 3731 omnino
895 3690 1004 3739 vorum?

323 3755 477 3817 completus,
490 3769 566 3818 quem
577 3768 622 3803 uos
633 3753 682 3819 ipsi
693 3755 801 3818 implere
810 3756 854 3807 de-
926 3763 1120 3816 venium,
1146 3766 1427 3828 “WWWQ
1475 3823 1479 3831 Ι

324 3828 424 3878 remon
456 3831 500 3880 Sic
511 3829 592 3878 voluit
603 3829 717 3880 breviter
727 3840 755 3883 et
765 3835 855 3893 cervis
894 3843 929 3889 ast
947 3839 1094 3905 interfector,
1110 3843 1165 3906 quia
1179 3858 1261 3907 ampo
1276 3845 1306 3894 de
1322 3849 1424 3907 pum

324 3903 405 3969 ioqui,
415 3911 443 3953 et
454 3904 521 3969 quod
534 3905 594 3952 silet
609 3904 664 3966 iile,
679 3903 816 3958 facundius
826 3915 854 3960 et
890 3916 990 3980 pecunia
1005 3916 1173 3980 impegerat?
1188 3921 1230 3981 qe,
1266 3921 1367 3970 ΜΘ,
1383 3918 1424 3968 111.

323 3981 462 4045 majusest,
473 3995 548 4045 quam
560 3979 628 4044 quod
640 3981 683 4029 aiii
693 3981 850 4046 loquuntur:
893 3992 926 4041 de
938 3993 1021 4042 causis
1030 3994 1206 4056 pronuntiem„
1222 3997 1293 4058 qum,
1303 3995 1422 4044 domin

325 4061 353 4107 st
364 4057 516 4121 quandoque
535 4056 655 4118 supplere
673 4071 721 4121 per
741 4063 853 4110 ruentem
886 4067 1037 4129 josuam
1048 4071 1133 4120 vum,
1165 4071 1219 4121 seq
1234 4085 1294 4122 uum
1305 4069 1369 4120 libet
1378 4083 1430 4132 po.

325 4131 421 4197 aliquid
433 4132 563 4195 debemru,
574 4138 653 4195 atque
662 4131 792 4183 interdum
802 4134 855 4184 aui·
895 4143 944 4194 uu,
954 4153 1107 4208 argument,
1118 4147 1288 4210 omnim-0?
1306 4147 1356 4195 ἃς,

325 4222 397 4261 num
413 4217 532 4261 noanon
548 4210 717 4278 suspendere,
730 4209 802 4273 ,illins
820 4211 866 4264 ad.
924 4217 1029 4286 {lites}
1053 4219 1085 4272 Id
1097 4228 1147 4286 est,
1165 4215 1223 4272 volo
1241 4222 1268 4272 io
1284 4218 1422 4273 discrimen
