3192 4909
533 427 579 476 rr
602 426 798 480 succussro
820 426 965 478 canan.
1145 370 1155 392 ’
1207 409 1295 478 2131

199 579 404 660 expectaret,
431 591 498 658 quo
527 571 639 638 Romu
663 573 759 638 novis
792 574 907 638 excito
932 572 1076 638 motibus
1112 573 1295 644 inclinaret.

199 677 386 742 Praeveniri
409 695 510 760 posse
523 675 652 758 legatos
670 675 927 759 provinciarum,
953 678 987 738 et
1001 673 1221 742 satismatme
1242 699 1295 747 ar·

198 778 297 855 mari,
312 779 369 860 qui
383 777 434 840 sic
448 774 685 841 admoneatur?
727 775 826 840 'litus
839 775 975 852 Vinius,
1000 775 1143 860 legionis
1154 778 1294 864 legatus,

198 883 233 943 et
242 879 278 942 in
289 878 438 958 manti
453 877 543 959 apud
555 875 700 942 Galbam
710 878 828 959 gratia,
839 877 962 942 maora
970 875 1145 960 judicabat
1155 880 1308 948 circum·

199 979 385 1064 spiciendo.
428 982 438 1012 ‘
454 975 633 1062 'tempori’
646 979 764 1061 inquit,
787 983 798 1011 ‘
813 977 879 1042 boe
894 978 950 1056 da,
961 983 995 1042 et
1006 979 1041 1042 in
1054 987 1298 1061 procuratorem

199 1099 301 1146 unum
326 1085 358 1146 et
382 1081 517 1144 altemm
535 1079 692 1156 intentus,
714 1079 832 1161 copias
858 1085 983 1161 praesto
1006 1079 1102 1144 habe.
1155 1079 1298 1150 Sanesi

199 1183 255 1249 rel
279 1181 458 1265 suspendio
483 1200 610 1264 paucos
635 1182 720 1246 istos
743 1183 795 1246 hic
818 1179 962 1246 emedio
976 1181 1091 1246 tollere
1112 1202 1298 1266 possemus,

202 1283 372 1349 defirturos
394 1289 491 1366 putas
514 1285 549 1348 in
570 1303 685 1349 necem
708 1289 854 1348 nostram
876 1281 1069 1348 carnificesl
1114 1283 1250 1350 Ferrum
1264 1290 1301 1353 in

202 1384 373 1450 Neronem
388 1385 532 1467 porrige,
552 1384 773 1466 stringendum
793 1403 839 1447 ex
852 1384 1042 1448 occasionis
1053 1391 1144 1450 nutu.
1189 1387 1299 1469 Forte,

201 1487 344 1569 inquies,
369 1486 503 1550 mitiora
526 1491 681 1567 sequetur
695 1485 798 1563 Nero,
821 1483 966 1549 nondum
990 1495 1220 1554 consummata
1244 1489 1301 1555 de-

201 1589 355 1654 sectione.
400 1587 467 1650 Sed
492 1588 568 1650 boni
589 1589 689 1651 etiam
703 1588 870 1671 principes
887 1588 1016 1670 imperii
1030 1587 1083 1650 sui
1094 1590 1300 1671 majestatem

203 1689 364 1754 acerrime
380 1689 585 1764 aemulantur,
599 1694 634 1753 et
647 1688 888 1773 cujuscumque
902 1688 1006 1752 etiam
1018 1689 1189 1753 levissima
1201 1697 1302 1756 teme-

203 1791 301 1855 ritate
330 1794 519 1854 summum
543 1789 749 1854 severissime
776 1796 924 1854 asserunt
957 1795 1055 1872 atque
1089 1790 1301 1858 ulciscuntur.

204 1890 318 1970 Quam
331 1891 450 1954 misere
464 1909 500 1955 se
515 1888 717 1968 dediderrmt,
742 1891 799 1973 qui
820 1891 972 1955 affectato
996 1891 1075 1954 lieet
1090 1891 1223 1956 incaute
1241 1912 1304 1958 nec

205 1995 323 2078 sponte
346 2011 456 2072 regno,
480 1991 643 2056 lacessere
662 1991 735 2056 ausi
757 1996 833 2053 sunt
857 1991 1043 2074 Principes,
1070 1991 1129 2074 qui
1152 1992 1304 2058 diadema

206 2111 304 2158 snum
319 2091 477 2155 adversus
490 2090 620 2174 injuriae
636 2090 689 2155 vel
707 2095 840 2154 tenuem
851 2091 1088 2174 suspicionem,
1113 2095 1305 2158 cautissime
1435 2163 1441 2170 ,

206 2195 306 2259 simul
321 2199 354 2258 et
376 2191 581 2256 atrocissime
595 2191 824 2256 vindicaruntl
867 2190 1087 2257 Germanicus
1103 2193 1305 2275 imperitanti

206 2295 356 2372 Tiberio,
381 2297 419 2356 ut
440 2294 546 2376 aliqui
557 2297 701 2357 vestrm
715 2291 826 2357 adbuc
845 2295 1070 2373 meminenrnt,
1094 2293 1183 2378 quod
1203 2295 1307 2377 pauci

206 2417 283 2464 arrm
296 2397 478 2480 principem
494 2395 700 2460 consalutare
720 2394 915 2471 voluissent,
939 2413 1069 2478 semper
1089 2396 1219 2460 invisus
1232 2396 1305 2472 fuit,

208 2499 315 2563 donec
341 2505 446 2564 morte
468 2515 530 2562 sua
554 2497 728 2580 expiasset
750 2497 890 2561 alienam
912 2498 1137 2562 temeritatem.
1182 2497 1318 2561 Corbu·

208 2600 290 2676 loni,
315 2601 385 2675 isti,
413 2601 558 2680 inquam,
585 2597 765 2662 Corbuloni
794 2599 853 2679 qui
885 2597 1095 2662 Germaniam
1120 2604 1307 2680 pacaverat,
1364 2673 1369 2680 ‚

210 2698 400 2764 Armeniam
413 2699 458 2761 ad
475 2699 672 2779 obsequium
687 2685 867 2779 redegerat,
879 2697 1029 2762 Parthici
1042 2698 1209 2778 equitatus
1222 2698 1308 2761 sero·

211 2803 299 2867 ciarn
314 2799 515 2875 contuderat,
531 2797 770 2861 Arsacidarum
783 2797 971 2880 progeniem
986 2795 1112 2860 Neroni
1122 2796 1310 2878 supplicem

210 2903 344 2978 fecerat,
353 2907 420 2963 tam
433 2899 575 2980 gloriose
586 2901 680 2978 gesta
687 2901 852 2961 vertenmt
861 2896 896 2959 in
906 2897 1098 2980 perniciem,
1111 2895 1200 2979 quod
1209 2897 1310 2974 tacita

212 3023 257 3070 ex
272 2999 477 3087 quorundam
492 3001 664 3076 sententia,
688 3003 722 3062 et
735 2998 826 3080 vulgi
832 2997 939 3074 tama,
965 2999 1054 3061 velut
1066 3003 1166 3080 aptus
1182 2998 1310 3062 Princi-

214 3105 308 3190 patui
322 3107 565 3189 monstraretur.
610 3099 703 3162 Reos
716 3117 792 3175 nos,
807 3105 845 3162 ut
857 3099 963 3175 aiunt,
981 3099 1053 3181 jam
1066 3099 1192 3180 peragit
1205 3117 1313 3161 arma·

214 3213 249 3270 ta
264 3206 422 3271 recessio.
467 3201 521 3266 An
532 3201 589 3264 ille
604 3199 891 3264 commiseratione
905 3205 1100 3279 tangeretur,
1123 3217 1220 3280 quem
1232 3197 1313 3261 nihil

214 3323 360 3390 unquam
376 3303 541 3388 poenituit,
556 3301 622 3364 nisi
637 3299 816 3383 fortequid
826 3299 909 3362 bene
922 3299 1087 3363 fecissetl
1132 3297 1324 3380 Expectat·

216 3407 413 3489 cuicumque
437 3405 582 3479 libuerit,
609 3421 653 3465 ex
676 3403 768 3478 urbe,
796 3402 855 3464 ubi
883 3399 1012 3483 perdita
1034 3400 1182 3477 libertas,
1205 3401 1314 3463 virum

217 3525 333 3591 parem
360 3507 546 3569 asserendis
571 3505 605 3566 in
633 3505 816 3567 libertatem
845 3503 963 3565 ceteris
986 3501 1198 3564 mortalibus:
1229 3501 1314 3565 hanc

219 3611 306 3670 certe
325 3606 397 3668 sola
418 3603 538 3668 Galbae
562 3609 595 3666 et
608 3603 762 3665 Vindicis
785 3621 878 3664 arma
890 3603 985 3665 nobis
1004 3600 1177 3684 spondent.
1222 3599 1314 3664 Haec

220 3705 294 3770 sola
320 3723 382 3767 nos
412 3723 503 3768 arma
524 3703 597 3788 jam
622 3701 791 3768 vindicare
815 3701 977 3788 possunt?
1026 3703 1115 3767 Haec
1138 3721 1214 3765 cum
1240 3701 1316 3764 aliis

219 3807 368 3871 consiliis
384 3805 608 3886 antehabenda
622 3823 696 3867 esse
711 3804 864 3868 suaderet
877 3805 947 3868 veri
970 3806 1112 3887 speciae,
1136 3810 1172 3864 et
1195 3805 1230 3864 iu
1243 3807 1325 3863 tan··

220 3913 291 3974 turn
316 3908 438 3983 valida,
466 3914 501 3971 ut
523 3925 692 3978 assensum
718 3904 840 3969 diutius
865 3904 1025 3986 suspendi
1050 3921 1114 3965 non
1138 3905 1327 3982 pateretur,·

222 4009 334 4074 Galba
349 4009 434 4073 diem
448 4009 544 4083 dixit,
557 4007 654 4090 quasi
669 4007 920 4068 manumissioni
934 4011 1121 4070 vacaturus.
1167 4001 1219 4063 Ex
1230 3999 1325 4080 agris.

222 4111 443 4193 provinciales
468 4109 511 4174 ad
536 4109 754 4190 praestitutum
768 4113 897 4188 tempus
919 4106 1095 4179 confluunt,
1119 4099 1325 4184 suspicioni.

222 4209 407 4288 bussacile,
432 4209 531 4294 quasi
543 4209 638 4276 aliud
657 4215 818 4293 ageretur,
842 4204 1003 4278 diabmti.
1048 4202 1171 4281 Galba,
1195 4220 1325 4286 paupe.
