3192 4909
263 394 357 461 2060⁴
620 410 651 457 c.
675 407 855 457 corruenti
879 383 1005 456 ricr'rr
1199 413 1363 479 [susm.

263 551 422 615 memoria
436 556 558 613 tentum
575 549 693 613 infensi
711 552 853 614 nominis
875 552 917 614 ad
940 551 1125 615 discordias
1140 557 1295 628 uteretur,
1310 572 1366 616 as-

266 653 426 715 sumsisse
442 651 482 712 L.
497 649 659 726 Silanum,
673 649 825 732 juvenem
842 671 955 732 genere
977 652 1131 728 nobilem,
1151 655 1261 715 animo
1275 672 1366 734 prae·

265 753 441 834 ruptum,⁸⁰
458 773 553 833 quem
569 753 666 814 novis
681 753 779 815 rebus
794 753 989 816 ostentaret.’

307 855 340 916 8.
364 853 480 935 ipsum
505 852 620 915 dehinc
645 853 791 916 Silanum
815 853 979 933 increpuit
1002 853 1131 927 iisdem,
1159 853 1280 933 quibus
1303 871 1365 934 pe-

264 960 373 1018 truum
396 954 468 1035 ejus
488 952 707 1034 Torquatum,
735 958 916 1034 ‘tanquam
931 953 1121 1035 disponeret
1138 953 1210 1035 jam
1227 951 1368 1035 Imperii

267 1132 382 1181 Cereres
396 1132 550 1194 quaesivisse.
582 1130 671 1195 Atque
683 1138 710 1180 ut
722 1131 812 1194 specie
823 1137 922 1179 tentum
933 1129 1020 1180 infesti
1032 1131 1141 1180 sentinis
1151 1130 1184 1178 ad
1196 1129 1368 1178 dissensiones
1410 1177 1413 1182 .

266 1203 393 1254 uteretur,
403 1196 523 1244 ascivisse
536 1196 564 1242 L.
575 1196 697 1252 Silenum,
709 1196 899 1244 adolescentem
911 1195 993 1255 stirpe
1005 1195 1140 1254 illustrem,
1148 1196 1233 1242 snimo
1244 1192 1370 1256 prefero·

267 1274 324 1310 cem
342 1275 372 1308 sc
383 1259 554 1322 praeeipitem,
565 1272 639 1321 ortem
651 1260 724 1307 novis
735 1259 846 1308 motibus
855 1259 983 1307 isdtssdis
992 1259 1137 1306 exhiberet.

299 1324 364 1373 Deis
382 1324 498 1372 incusavit
516 1323 625 1372 Sitonum
643 1323 727 1372 iisdem
743 1323 900 1380 criminibus,
915 1323 999 1384 quitur
1016 1323 1158 1385 Torqustus
1171 1327 1283 1384 pstrssn
1299 1321 1371 1370 uuus

268 1547 335 1610 gine.
371 1548 404 1597 Ut
425 1548 531 1598 uberta
549 1549 612 1596 Mss.
625 1548 695 1598 Fior.
708 1548 771 1609 Reg.
784 1545 863 1594 Corb.
875 1543 939 1608 Agr.
958 1551 987 1594 et
1000 1543 1113 1593 editione
1133 1543 1308 1606 principe-8
1325 1543 1371 1590 Its

268 1611 331 1660 Mss.
343 1613 431 1662 Vatis.
450 1614 519 1661 Ftor.
541 1613 615 1662 Harl.
636 1611 712 1660 Bodi.
730 1611 786 1661 Jes.
807 1610 883 1659 corb.
904 1609 1007 1672 Lipsius
1023 1616 1051 1657 et
1069 1609 1234 1657 recentiores.
1267 1607 1298 1656 Iu
1314 1607 1368 1654 sis.

268 1674 333 1738 Reg.
345 1683 373 1725 et
383 1677 540 1724 editionibus
552 1676 693 1734 veteribus,
703 1679 839 1736 prorutum
855 1673 922 1737 quod
942 1687 1044 1737 quoque
1063 1673 1179 1721 additum
1195 1671 1303 1732 margini
1314 1671 1370 1718 Ms.

269 1737 344 1789 Hert.
377 1740 413 1789 At
428 1745 571 1802 preruptam
589 1739 694 1799 dicitnr,
706 1747 734 1800 ut
746 1751 824 1802 snpra
836 1738 927 1786 Annei.
940 1749 984 1785 ιιι.
994 1742 1019 1786 t.
1034 1738 1190 1799 ‘praerupts
1209 1732 1371 1793 dominsti0‚'

268 1802 294 1850 id
308 1811 358 1864 est,
369 1804 452 1852 audax
465 1812 492 1852 et
503 1801 621 1852 effrenis.
649 1802 689 1851 Ad
700 1815 789 1851 vocem
797 1806 945 1864 promptus·
955 1801 982 1850 iu
990 1815 1038 1849 suo
1048 1801 1189 1863 erempisri
1201 1804 1373 1848 annumeret

269 1867 410 1916 Corbineiii
421 1872 493 1930 rutro,
506 1868 621 1917 rnrissss.

763 2011 871 2062 NOTAE

269 2127 343 2171 reret
353 2121 397 2171 ilie
410 2121 512 2173 Cassius
528 2130 631 2173 veteres
648 2121 802 2186 discordias,
841 2123 909 2172 mine
925 2137 956 2172 sc
973 2121 1097 2185 sanguine
1112 2118 1305 2184 contingcbsut,
1319 2117 1373 2167 dis·

270 2203 298 2245 et
309 2199 428 2262 exemplo
443 2200 519 2262 primi
531 2199 621 2260 Csssii,
633 2199 712 2249 etism
723 2197 802 2248 infes-
841 2199 942 2248 cordius
953 2198 1042 2262 populi
1051 2196 1189 2246 adversum
1200 2195 1316 2245 Caessres
1326 2192 1373 2243 e‘x·

270 2279 313 2320 tus
330 2279 400 2321 esset
419 2274 525 2337 Caesari,
535 2284 563 2323 et
582 2274 640 2322 odio
658 2273 802 2322 domestico
841 2277 946 2328 citaret.

269 2349 447 2407 successisset,
454 2349 531 2412 idque
544 2349 624 2396 veirrti
634 2349 753 2413 stirpitus
763 2350 802 2398 in·
873 2353 1005 2404 Quantum
1015 2352 1041 2400 iu
1051 2351 1196 2401 obliterstis
1205 2363 1235 2399 sc
1242 2347 1374 2412 depressis

269 2420 347 2469 situm
361 2429 387 2470 et
400 2421 504 2471 infixum
518 2425 607 2474 steret.
841 2425 968 2488 ejusmodi
985 2426 1128 2475 nominibus
1139 2424 1261 2474 momenti
1270 2423 1375 2473 Princi-

302 2494 370 2556 ιιΑι,
387 2499 428 2559 ne]
453 2499 491 2547 Ac
506 2505 532 2546 ut
549 2499 627 2548 hebet
644 2500 723 2549 etism
733 2499 801 2549 forte
841 2495 1374 2565 pesreponsut,veiexeohoruminstituto

270 2574 429 2621 commodum
445 2587 562 2634 ιειιιιιιιιις
580 2574 688 2637 scilicet,
699 2580 729 2622 ut
740 2575 801 2623 Cas·
842 2575 941 2641 iiqnere
953 2584 1049 2640 potest,
1057 2592 1107 2641 quo
1116 2576 1237 2625 dsmusre
1245 2573 1375 2638 ejusmodi

270 2647 323 2695 sius
343 2649 455 2696 rumoris
474 2653 566 2698 isumus
588 2647 675 2712 insessi
690 2651 801 2712 muisis,
841 2653 953 2715 nomina,
966 2660 994 2701 et
1009 2653 1165 2701 interdicere
1176 2650 1297 2714 posteris,
1313 2663 1376 2698 con-

270 2733 364 2786 uempe
384 2724 413 2771 C.
427 2723 517 2786 Cassii,
537 2723 568 2772 sd
592 2739 633 2774 res
649 2738 728 2774 novas
747 2731 802 2774 ute·
842 2735 992 2777 sueverunt.
1025 2727 1104 2791 Cujus
1122 2727 1230 2790 passim,
1249 2723 1328 2775 etism
1348 2739 1376 2772 s-

270 2803 353 2858 retur,
362 2802 495 2850 assumsisse
506 2801 536 2848 L.
549 2801 667 2863 Silenum,
678 2804 718 2864 dre.
842 2802 896 2865 pud
907 2801 1038 2865 Tacitum,
1048 2808 1139 2851 extent
1149 2799 1278 2864 exemplu.
1306 2799 1377 2849 Box-

303 2871 434 2923 Memoris
451 2885 479 2924 et
499 2878 600 2926 nomine
616 2877 696 2926 Cassii
708 2878 732 2926 iu
744 2892 803 2941 spe·
842 2879 945 2926 tornius.

271 2949 338 2999 ciem
349 2956 448 3000 tuntum
467 2960 495 3002 et
512 2953 606 3002 famum
619 2954 758 3013 utebatur3
775 2961 805 3003 st
873 2955 956 3003 Recte
978 2953 1080 3015 Lipsius
1097 2958 1126 3001 et
1146 2951 1272 3012 sauram,
1289 2967 1318 3000 ss
1335 2965 1375 2999 ss.

271 3039 299 3074 re
307 3025 364 3088 ipsa
376 3029 523 3077 assumebat
531 3018 653 3092 Silenum,
664 3028 748 3091 ursgm
759 3043 803 3077 uo-
843 3029 901 3079 Hoc
920 3029 989 3078 euim
1006 3027 1150 3092 significet:
1175 3027 1209 3074 Et
1231 3026 1305 3090 quasi
1321 3038 1375 3073 uon

271 3101 346 3150 minis
352 3103 485 3166 juvenem,
493 3113 520 3154 et
530 3119 622 3168 magno
633 3105 726 3153 nomini
735 3119 803 3152 sum·
842 3103 973 3154 sufficeret
985 3103 1088 3153 infernis
1097 3118 1128 3152 ac
1141 3103 1255 3151 damuati
1266 3100 1376 3149 hominis

272 3189 371 3243 maeque
394 3177 506 3228 fortnnae
529 3194 625 3244 parem.
659 3181 738 3228 Forte
758 3195 804 3243 sp·
843 3181 991 3229 memorium
1013 3193 1150 3228 renovasse
1173 3179 1309 3242 petamque
1331 3192 1377 3226 co·

273 3251 324 3304 tior
334 3253 453 3302 rideatur
465 3271 553 3304 sensus
567 3257 714 3316 verborum,
730 3271 803 3315 usne,
843 3255 929 3316 luisse,
939 3255 1018 3320 (quod
1031 3255 1092 3319 quid
1108 3255 1187 3316 uliud,
1204 3269 1279 3318 quam
1292 3253 1376 3316 perri-

271 3328 317 3377 sed
329 3331 409 3378 verbs
420 3331 507 3380 Taciti
517 3339 618 3394 urgent,
628 3338 657 3380 ut
666 3331 805 3380 inviolatus
843 3330 939 3379 cidium
949 3331 1004 3392 ejus
1016 3330 1133 3392 probare,
1144 3337 1171 3378 et
1183 3329 1215 3377 ad
1228 3328 1306 3377 simile
1316 3341 1376 3376 see·

272 3406 314 3455 sit.
844 3408 884 3455 ius
896 3412 1038 3469 presentes
1055 3420 1147 3454 »ocare
1157 3404 1179 3467 i)
1196 3405 1307 3453 silanum
1326 3401 1375 3450 sd·

305 3482 342 3530 Ac
352 3488 379 3530 ut
395 3481 516 3544 memmio]
533 3479 749 3530 Accumtissimus
767 3481 806 3528 in·
839 3482 958 3544 junxisse
970 3481 1096 3543 partibus,
1107 3487 1156 3528 dic.

273 3561 375 3617 terpres
388 3557 465 3617 legit:
483 3557 521 3605 Ac
536 3571 565 3603 ss
580 3557 690 3604 memorio
701 3559 804 3618 tantum,
876 3557 924 3604 Vei
936 3557 1031 3604 etiam:
1052 3557 1087 3604 Et
1105 3569 1138 3604 ne
1157 3555 1188 3603 sd
1209 3551 1376 3602 rebellionem

271 3633 314 3694 irc.
347 3631 383 3679 At
395 3633 495 3694 integra
506 3638 544 3679 est
560 3633 615 3680 iraec
628 3633 705 3680 lectio
716 3633 805 3694 vulge-
845 3632 1025 3679 stimulandum
1053 3645 1104 3678 uns
1132 3631 1211 3678 hostis
1243 3629 1377 3677 Caessrum

218 3751 223 3761 ,
274 3713 318 3765 ts;
342 3707 377 3753 Ac
394 3711 419 3752 ut
441 3706 559 3766 memoris,
579 3707 619 3766 irc.
655 3705 712 3753 Hoc
736 3706 803 3754 enim
844 3707 951 3767 imagine
963 3707 1099 3768 niteretur,
1109 3707 1134 3753 in
1146 3720 1205 3768 qus,
1216 3712 1314 3765 praeter
1331 3717 1376 3752 no·

272 3781 330 3830 ruit
352 3779 473 3827 Tacitus:
503 3779 596 3826 status
618 3779 699 3827 Cassii
725 3781 806 3843 culta,
845 3795 914 3842 men,
941 3781 1002 3828 nitrii
1022 3789 1063 3828 est
1081 3779 1262 3838 additamenti,
1282 3792 1378 3827 mum-

272 3855 352 3905 hostis
364 3857 504 3914 Cassarum,
521 3861 548 3902 et
568 3860 680 3902 assumto
701 3856 729 3904 L.
741 3857 805 3904 Sita·
846 3857 909 3904 sisse
927 3857 1051 3915 suanum,
1067 3860 1114 3902 &c
1137 3855 1279 3902 Gronovius.
1313 3852 1378 3902 Lec-

273 3945 318 3994 uo,
329 3931 403 3993 cujus
415 3939 522 3993 patruus
541 3928 678 3992 imperium
688 3937 744 3978 erat
755 3945 806 3978 me·
846 3935 943 3982 tionem
956 3933 1083 3994 vulgatum
1095 3932 1209 3980 serimus.

274 4005 808 4070 ditetus3nihiisiiudegisseC.Cassium‚
878 4010 1000 4057 ”Animo
1022 4007 1180 4070 promptum]
1209 4006 1279 4066 Non,
1299 4021 1380 4069 pross-

274 4099 351 4150 quarn
365 4095 393 4132 ut
406 4081 524 4146 repetitis
537 4091 647 4141 tuntum,
660 4083 807 4130 aestuuatis·
846 4091 912 4132 tum.-
931 4099 964 4132 ex
986 4084 1120 4131 Vaticano.
1154 4083 1319 4146 Praeruptus,
1338 4079 1380 4129 uti

275 4173 327 4224 que
341 4173 429 4208 eorum
443 4155 596 4219 nominibus,
613 4157 657 4220 qni
670 4157 710 4204 vei
722 4158 807 4206 Coiss-
846 4157 1015 4221 Praeirsctus,
1026 4159 1122 4207 dicitur
1133 4157 1166 4207 de
1186 4159 1216 4207 iis
1234 4157 1279 4222 qui
1295 4155 1380 4220 rigide

276 4233 346 4285 ribus
359 4235 503 4285 extiterunt
514 4231 612 4296 infesti,
627 4231 669 4281 vei
681 4232 747 4281 tries
761 4245 808 4281 uo·
846 4231 996 4300 effrenique
1014 4233 1124 4284 sudscis
1142 4238 1210 4285 suut.
1243 4231 1287 4283 its
1303 4229 1379 4283 cies·
