3192 4909
334 417 422 487 slus
743 431 842 482 uors
865 431 1031 482 aaronis

379 580 415 646 ls
429 584 499 644 erat
512 577 548 641 in
561 573 674 641 Gallia
688 579 721 642 et
735 575 769 639 in
789 573 879 638 Urbe
892 593 999 641 rerum
1012 579 1131 653 status,
1146 593 1223 641 cum
1235 580 1373 660 repente
1390 590 1442 641 ex

334 681 503 766 inopinato
519 683 641 742 cuncta
652 679 786 741 turbata
807 682 883 741 sunt
902 677 938 741 in
952 676 1133 760 Hispania,
1145 677 1346 761 militesque,
1359 699 1440 762 poc·

334 781 471 848 nitentia
498 779 614 845 mutati
643 779 853 856 sacramenti,
879 779 1052 843 destituere
1076 777 1223 843 Galbam
1249 781 1438 858 voluerunt,

336 903 487 967 aegreque
501 882 613 946 retenti
628 881 661 944 in
677 879 801 960 offici03
822 887 857 944 et
880 882 977 959 servi,
992 899 1078 964 quos
1102 899 1124 944 a
1147 881 1265 946 liberto
1286 881 1440 946 Neronis

336 984 381 1050 ad
400 983 549 1047 fraudem
571 985 780 1064 praeparatos
794 981 921 1044 muneri
935 985 1123 1062 acceperat,
1136 999 1198 1063 per
1222 981 1437 1065 angiportum

335 1086 372 1150 in
385 1084 535 1149 balneas
550 1087 766 1146 transeuntem
790 1100 875 1164 pene
887 1083 1126 1161 mteremernnt‚
1140 1083 1207 1146 nisi
1231 1083 1439 1147 cohortanti·

336 1189 400 1251 bus
423 1186 575 1260 invicem,
610 1186 669 1245 ‘ne
694 1184 906 1247 occasionem
930 1181 1139 1260 omitterent,'
1162 1185 1438 1267 interrogatisque

336 1285 401 1352 ‘de
415 1303 483 1368 qua
498 1283 673 1348 occasione
686 1284 911 1367 loquerentur:
924 1303 1085 1367 expressa
1098 1285 1245 1349 cruciatu
1263 1285 1437 1351 confessio

336 1391 434 1452 esset.
478 1383 633 1450 Accessit
654 1385 697 1448 ad
720 1391 812 1450 muta
832 1385 1024 1450 discriudna
1044 1403 1134 1450 mors
1151 1385 1314 1464 Vindicis,
1337 1405 1438 1470 urge·

335 1490 494 1569 baturque
508 1484 686 1566 Verginius
708 1506 729 1550 a
750 1487 935 1569 legionibus
959 1487 1041 1564 suis,
1064 1490 1124 1550 ‘ut
1144 1487 1242 1569 quasi
1262 1488 1338 1571 jure
1360 1487 1436 1554 uic·

336 1587 430 1653 toriae
445 1587 509 1650 sibi
524 1586 669 1650 debitum
678 1587 906 1670 Principalem
919 1587 1095 1669 acciperet,
1105 1593 1163 1650 aut
1178 1587 1324 1669 alioquin
1338 1588 1437 1670 ipsas

337 1689 381 1753 ad
402 1687 568 1752 Neronem
585 1686 766 1752 redituras!
819 1687 972 1752 Maxime
992 1694 1217 1752 consternatus
1236 1687 1360 1766 Galba,
1374 1707 1437 1772 per

336 1789 449 1854 literas
464 1809 486 1854 a
500 1788 661 1868 Verginio
675 1789 783 1870 petiit,
806 1792 866 1853 ‘ut
879 1808 992 1853 secum
1001 1787 1136 1871 junctas
1159 1807 1221 1872 pro
1235 1789 1390 1853 libertate
1402 1794 1439 1853 ct

338 1889 491 1954 Romano
514 1890 654 1971 imperio
679 1907 772 1952 cures
795 1887 1002 1973 capesseret!
1047 1887 1126 1972 Ipse
1146 1895 1257 1953 tamen
1277 1889 1436 1953 destituto

338 1989 469 2066 similis,
492 1985 654 2054 Cluniam¹
679 2007 717 2053 se
745 1992 882 2074 recepit,
904 1991 986 2056 facti
1010 1993 1243 2075 pariasset
1268 1991 1437 2073 privatam

337 2091 439 2156 vitam
455 2093 649 2175 respiciens,
665 2094 764 2173 quasi
777 2094 861 2156 inter
873 2112 1037 2156 summum
1050 2099 1084 2156 et
1105 2091 1253 2155 infimum
1275 2093 1330 2156 hic
1347 2097 1439 2163 esset

337 2192 447 2256 medio
458 2193 565 2256 locus.
609 2191 662 2256 Ita
674 2192 766 2255 varic
782 2193 904 2255 anxins
917 2193 994 2273 egit,
1008 2211 1070 2256 uec
1083 2192 1221 2255 multum
1236 2191 1343 2255 abfuit
1354 2192 1437 2274 quin

337 2291 417 2358 vitae
444 2292 651 2356 renuntiaret.
705 2292 771 2357 Sed
800 2297 870 2358 tum
897 2293 1074 2376 septimum
1098 2293 1181 2356 intra
1206 2293 1294 2356 diem
1321 2291 1438 2356 Icelus

337 2393 475 2458 libertus
490 2391 602 2456 Roma
616 2392 782 2476 profectus
798 2394 903 2470 adest,
919 2395 976 2477 qui
990 2395 1163 2472 renuntiat,
1176 2396 1309 2458 vivente
1323 2393 1435 2456 adhuc

338 2491 482 2569 Nerone,
497 2493 557 2555 sed
571 2493 700 2570 latente,
717 2513 738 2556 a
753 2497 963 2577 praetorianis
982 2496 1120 2578 primum
1135 2495 1306 2572 militibus,
1322 2494 1399 2558 dein
1415 2512 1439 2557 a

338 2593 465 2677 populo
491 2591 591 2655 etiarn
617 2597 651 2656 et
673 2601 789 2658 senatu
813 2595 956 2659 Galbam
980 2596 1215 2679 Imperatorem
1229 2579 1389 2673 electum,
1403 2598 1439 2658 et

337 2693 529 2778 paulopost
543 2693 583 2755 de
598 2699 780 2776 spontanea
801 2717 881 2759 nece
904 2695 1049 2760 Neronis
1071 2716 1144 2759 esse
1166 2697 1303 2759 allatum
1324 2696 1359 2760 iu
1382 2715 1439 2760 ur·

337 2796 414 2858 bem
427 2795 589 2870 nuntium,
604 2799 637 2856 et
650 2795 725 2858 huic
740 2803 850 2859 tamen
872 2796 993 2860 nuntio
1005 2815 1073 2858 non
1088 2803 1164 2860 ante
1178 2815 1215 2860 sc
1228 2796 1328 2860 fidem
1342 2797 1436 2860 adhi-

337 2895 462 2970 buisse,
488 2896 569 2975 quin
592 2896 665 2977 ipse
695 2898 902 2972 accurrisset,
928 2901 963 2960 et
989 2895 1134 2959 cadaver
1158 2897 1302 2978 propriis
1324 2897 1435 2960 oculis

338 2995 588 3078 perlustrasset,
607 3013 648 3058 eo
661 2995 745 3070 viso,
760 3014 795 3058 se
809 2994 942 3058 tandem
955 2996 1038 3058 urbe
1052 2996 1232 3077 proiectum
1245 2997 1377 3060 venisse
1390 2996 1435 3060 ad

338 3093 495 3160 Galbam.
542 3093 654 3160 Biduo
676 3100 753 3178 post
767 3094 890 3158 Vinius
904 3115 925 3157 e
946 3096 1066 3158 castris
1090 3096 1199 3178 capita
1217 3085 1436 3158 senatuscolr·

339 3197 417 3260 sulti
440 3197 557 3261 attulit.
604 3196 717 3260 Galba
737 3196 909 3276 inopinato
931 3201 1048 3258 eventu
1070 3194 1178 3271 latus,
1195 3194 1321 3258 lcelum
1341 3200 1436 3259 ornat

339 3297 469 3363 annulis
484 3297 603 3372 aureis,
616 3296 753 3358 Vinium
769 3315 898 3359 summo
913 3295 1004 3377 apud
1025 3312 1062 3357 se
1076 3294 1153 3358 loco
1174 3294 1286 3372 habet,
1301 3294 1435 3377 deposi-

339 3406 441 3482 taque
465 3398 576 3478 legati,
605 3397 747 3479 suscipit
772 3395 920 3460 Gaesaris
948 3395 1216 3478 appellationem.
1260 3395 1435 3458 Cornelius

339 3497 431 3562 laco
452 3497 591 3562 donatur
612 3499 761 3580 praetorii
786 3498 1001 3581 praelectum
1023 3501 1058 3559 et
1084 3495 1203 3559 Rom
1227 3495 1434 3559 stabiliendis

339 3596 447 3673 rebus,
472 3619 544 3662 cum
570 3601 782 3681 praesentiam
808 3617 903 3662 suam
927 3599 1059 3680 requiri,
1083 3605 1185 3680 atque
1209 3616 1257 3660 err
1274 3615 1338 3659 usu
1362 3596 1434 3660 fore

339 3690 565 3776 arbitraretur,
581 3699 698 3763 indicit
720 3699 988 3782 ‘profectionem
1003 3699 1150 3762 exercitu
1166 3703 1252 3761 terra
1264 3696 1372 3761 ituro?
1442 3728 1445 3735 ·

835 3877 941 3930 NOTAE

369 3992 492 4055 'cleated
518 3992 587 4042 Urbs
598 3989 775 4040 &coecorum
787 4005 868 4053 popu·
907 3993 946 4040 det
967 3989 1047 4039 ΟΜ
1068 3989 1166 4053 burgus
1187 3991 1310 4040 &stella
1330 3991 1435 4041 veteri·

338 4069 420 4119 torum
443 4079 471 4119 et
497 4067 639 4118 cluniensia
665 4066 868 4128 conventuale
908 4082 988 4130 prope
999 4065 1104 4119 fluvium
1117 4067 1435 4129 Dometurbemom,

338 4143 468 4206 Hispania
478 4143 659 4191 Tarraconensi
668 4142 721 4190 sive
730 4141 869 4201 citeriore,
907 4141 934 4189 in
945 4143 1072 4204 Hispania
1083 4141 1222 4191 hodierna:
1235 4150 1310 4206 paret
1320 4141 1375 4206 regi
1386 4141 1435 4191 Cu·
1446 4131 1451 4140 ⁸

339 4215 532 4268 etadDurium
542 4215 664 4278 flavinus
679 4218 756 4267 bodle
769 4219 867 4267 cmm
907 4217 1011 4268 tholico.
1026 4215 1146 4267 fise-noa
1444 4235 1447 4242 ·
