3192 4909
205 408 339 472 ausa]
550 403 755 453 annsnrnn
780 405 852 455 crs.
867 402 950 455 xvi.
1216 393 1306 460 205⁶

195 550 388 616 'turbarentt
401 566 519 630 gnaros
538 567 578 610 ac
594 567 685 629 saepe
696 571 716 612 a
727 550 886 613 militibus
902 526 1157 626 verberarentur,
1174 552 1231 632 qui
1245 572 1306 633 per

206 667 327 713 cuneos
339 646 495 725 statiant,'¹
505 670 543 711 ne
555 649 643 729 quod
655 650 813 730 temporis
823 659 1021 713 momentum
1032 651 1147 730 impari
1161 652 1305 716 clamore

206 755 262 813 aut
275 751 404 813 silentio
419 746 518 830 segni
529 751 718 830 proeteriret.
756 750 921 824 Corrsritit,
932 750 1107 831 plerosque
1123 750 1304 832 Equitum,5

204 848 283 913 dum
298 870 356 933 per
378 851 545 926 annunties
567 851 678 913 editus
700 859 733 914 et
754 852 956 931 ingruentem
983 849 1222 912 multitudinum
1235 853 1305 916 eni-

205 953 326 1027 tuntur,
356 953 505 1025 obtritos,
528 959 560 1012 et
586 951 683 1025 alios,
707 951 784 1013 dum
809 949 895 1012 diem
918 959 1113 1031 noctemque
1130 951 1308 1016 sedilibus¹

206 1053 405 1125 continuant,
436 1051 548 1113 nrorbo
586 1051 749 1113 exitiabili
790 1063 977 1132 correptos:
1016 1055 1143 1132 quippe
1173 1054 1306 1130 gravior

205 1151 309 1214 inerat
332 1147 461 1229 metus)
483 1153 511 1214 si
538 1153 730 1234 spectaculo
759 1151 951 1226 defuissent,
978 1152 1091 1213 multis
1117 1149 1250 1234 paulurn,¹
1272 1159 1306 1218 et

206 1252 355 1334 pluribus
371 1252 522 1328 occultis,
536 1259 573 1315 ut
585 1255 721 1316 nomina
746 1275 786 1316 ac
810 1255 930 1328 vultus,
948 1253 1163 1327 alacritatem,
1180 1255 1305 1316 tristiti-

205 1369 325 1436 amque
353 1351 540 1416 coiiuntium
568 1359 796 1418 scrutarentur.
842 1351 940 1415 Unde
965 1353 1168 1414 tenuioribus
1195 1354 1305 1417 statim

204 1510 355 1570 terpellureut
370 1510 465 1570 peritos,
476 1525 503 1556 uc
514 1524 574 1571 roepe
585 1509 664 1556 etiam
670 1507 806 1567 ferirentur
815 1522 831 1554 a
846 1507 1005 1569 pratorimis,
1014 1508 1053 1568 qai
1060 1522 1103 1568 per
1110 1510 1200 1566 gratiss
1209 1510 1305 1572 amphi-

205 1573 300 1620 tbeatri
311 1575 464 1635 esculrubout,
479 1587 507 1621 ae
526 1588 571 1634 quo
586 1587 642 1634 pora
657 1572 768 1633 tenaporis
786 1572 878 1619 ἀίυωιο
893 1573 977 1633 plasea
988 1576 1030 1618 out
1050 1571 1122 1618 inerti
1140 1572 1233 1619 silentio
1242 1589 1305 1634 pm.

205 1635 365 1683 terluderotur.
402 1637 551 1698 Conpertum
561 1643 606 1696 est,
616 1637 729 1698 plurimos
740 1635 837 1698 episites,
845 1637 900 1682 dura
908 1650 951 1696 per
967 1642 1068 1696 ungulo
1079 1649 1168 1681 smnio
1180 1643 1203 1682 ct
1214 1637 1306 1690 roasa.

205 1703 255 1746 tom
270 1701 359 1760 plebem
377 1698 746 1761 emunat,procnlrotosiuisse:
772 1703 796 1748 et
810 1699 942 1759 aiios,dsra
952 1701 994 1746 dis
1013 1703 1123 1761 musque
1139 1701 1229 1746 riustri
1241 1701 1306 1750 sellis

206 1763 317 1823 anideut,
331 1763 357 1810 iu
377 1764 468 1811 letalem
479 1763 582 1812 muoso
602 1761 719 1812 incidisse.
753 1764 817 1812 Num
835 1763 909 1822 major
927 1762 1031 1810 maudut
1042 1761 1157 1822 fumido,
1174 1763 1196 1809 si
1214 1765 1304 1814 leiim

205 1825 343 1887 abfuissent,
354 1827 435 1874 munis
444 1829 530 1888 palsrm
546 1833 569 1876 et
585 1827 693 1889 pluribus
702 1829 761 1875 etum
776 1827 917 1889 dispositis,
933 1831 959 1874 at
972 1827 1116 1888 inquirerent
1128 1827 1247 1886 moninio,
1255 1830 1305 1878 ssi·

205 1892 297 1953 terque,
309 1896 331 1939 et
341 1893 487 1940 munimem
500 1906 527 1940 nc
537 1891 673 1940 wastitiam
683 1891 869 1940 eoamnieatian
884 1891 1093 1954 specularentur.
1128 1890 1192 1938 Hinc
1208 1893 1305 1942 modieis

681 2031 843 2051 chunuto

205 2115 292 2227 wa.
303 2115 366 2179 Agr.
376 2117 600 2181 &teruntque-b
620 2118 651 2168 ln
661 2119 713 2166 llis.
724 2118 789 2179 Reg.
805 2122 834 2166 et
852 2104 965 2164 editione
977 2115 1102 2179 principe,
1109 2116 1232 2178 plerosque
1241 2113 1305 2164 ruit·

699 2308 804 2360 NOTAE

117 2461 122 2475 .
205 2408 272 2466 rent,
288 2403 348 2454 binc
365 2404 465 2456 facilius
483 2407 609 2471 citiusque
627 2404 731 2455 istisce·
771 2403 818 2454 sed
829 2402 885 2450 rudi
895 2407 923 2451 et
930 2401 1027 2450 absona
1034 2414 1107 2463 voce,
1115 2401 1305 2465 supervenisse,

205 2475 276 2539 bant,
286 2479 358 2528 velut
366 2480 525 2544 imperitiae
532 2483 619 2531 talium
628 2480 731 2542 insueti,
771 2479 816 2546 qui
826 2479 916 2528 solitus
929 2485 998 2527 esset
1009 2476 1099 2526 urbem
1116 2477 1153 2525 ltu
1170 2477 1306 2540 perambu-

205 2559 249 2601 ant
259 2553 337 2602 etiam
347 2563 507 2617 spernentes.
771 2557 835 2617 lare,
853 2562 881 2604 et
900 2554 1010 2604 Neronis
1029 2553 1143 2601 carmina
1159 2553 1304 2602 cantillare.

237 2627 379 2693 tutatast]
406 2630 517 2694 Stabunt,
536 2629 731 2697 incitabantque
772 2633 838 2682 Qus
846 2632 868 2680 si
877 2631 933 2694 quis
942 2636 988 2678 aut
997 2627 1171 2692 negligentius
1181 2626 1307 2690 audisset,

203 2706 306 2770 plebem
326 2707 359 2756 ad
371 2707 510 2757 clamorem
524 2715 550 2758 et
562 2710 689 2774 plausum,
700 2723 732 2758 ne
772 2713 818 2756 aut
828 2704 974 2755 mercedem
986 2703 1138 2766 condignam
1155 2716 1205 2750 non
1218 2700 1305 2750 dedis·

205 2797 256 2844 qus
275 2797 335 2846 pars
356 2784 487 2846 temporis,
506 2783 609 2834 dissono
632 2779 732 2846 plausu,
773 2789 824 2843 set,
846 2781 878 2830 ab
898 2795 929 2830 eo
947 2785 1067 2842 tanquam
1086 2777 1228 2839 impietatis
1245 2789 1305 2826 reus

205 2862 251 2905 arrt
262 2857 337 2906 inerti
348 2857 450 2906 silentio
462 2859 616 2922 preteriret.
771 2854 895 2906 conviciis
911 2855 1060 2919 petebatur,
1079 2859 1107 2901 et
1125 2852 1152 2900 in
1173 2866 1304 2901 carcerem

236 2931 338 2994 ¹&qu
354 2934 413 2985 Quo
424 2933 493 2982 nulla
502 2949 552 2982 vox
561 2935 732 2997 emitteretur,
772 2930 925 2984 ducebatur.
960 2929 1088 2979 Chordam
1107 2936 1245 2991 preterea,
1256 2942 1305 2976 usn

204 3006 273 3054 nulla
284 3006 358 3056 fieret
374 3009 536 3071 acclamatio,
547 3017 592 3058 aut
603 3024 653 3073 quo
665 3011 731 3058 iner-
773 3009 895 3058 detritam
916 3011 944 3056 et
976 3004 1096 3063 fractum,
1117 3019 1174 3066 quae
1198 3004 1224 3050 in
1247 3003 1305 3064 ipsa

204 3087 244 3130 tes
256 3091 284 3130 et
294 3097 385 3146 segnes
403 3085 507 3146 plausus
526 3085 675 3150 inualidique
686 3087 731 3135 clu·
772 3083 923 3132 Neroniana
942 3081 1041 3130 citbsrs
1061 3077 1161 3137 fuisset,
1173 3077 1304 3126 utceime·

204 3172 277 3206 mores
288 3165 382 3208 essent.
771 3157 834 3208 lium
844 3156 947 3221 aliquod
956 3157 983 3204 in
992 3155 1080 3203 arcula
1089 3152 1205 3200 ferebat:
1224 3158 1304 3215 atque

234 3231 382 3294 laetitios]
400 3231 494 3282 Sedilia
506 3232 594 3297 populi
602 3234 733 3298 popularia,
772 3247 830 3284 eam
841 3239 936 3282 eruum
946 3230 995 3280 sibi
1004 3229 1184 3278 duabusminis
1193 3225 1303 3277 ferebat.

205 3306 279 3358 sedes
314 3307 424 3356 Senmm
451 3309 580 3372 orclrestro,
618 3309 733 3374 equitum
772 3307 960 3372 Neccuiqnam
976 3319 1055 3369 porro
1072 3303 1244 3366 venditurum,
1255 3303 1305 3353 uisi

203 3383 456 3447 dammucensem
463 3386 557 3434 ordines
563 3386 731 3440 vocabantur.
773 3385 817 3450 qui
828 3381 1053 3449 praestantissimus
1071 3380 1096 3428 iu
1113 3392 1145 3427 ea
1158 3385 1305 3444 arscessat,

235 3457 358 3523 *eoppa
376 3460 474 3521 prosim
494 3460 571 3509 iaerut
590 3461 675 3523 mans]
706 3461 731 3509 0
773 3467 801 3510 et
813 3459 950 3523 aliquando
962 3457 1063 3521 Pythiis
1073 3454 1197 3504 vicisset!

202 3533 285 3595 ludos,
303 3550 318 3583 o
337 3535 458 3599 ineptias,
488 3535 535 3585 scd
560 3542 681 3585 cruentas
704 3535 733 3585 et
805 3533 892 3598 Atque
904 3534 987 3595 addit,
999 3531 1165 3595 Apollonium
1184 3531 1305 3600 ipsum—et

206 3609 305 3658 tristes!
318 3610 385 3659 Nam
394 3610 731 3673 ruorscomcs,autcxiliurn‚
772 3611 881 3660 comites
892 3610 956 3673 ejus,
972 3623 1030 3658 eum
1040 3606 1108 3656 affici
1118 3621 1169 3655 nou
1186 3607 1304 3657 videren-

201 3685 282 3749 siquls
314 3685 430 3747 segniter
460 3685 600 3735 audivisset
632 3686 733 3736 scilicet
773 3690 825 3748 tur,
836 3692 971 3735 accusatos
991 3684 1024 3732 ab
1033 3699 1074 3747 eo,
1086 3691 1115 3733 ut
1126 3684 1224 3732 Diniae
1240 3685 1303 3734 cocis

204 3761 271 3812 huuc
284 3761 417 3810 Phoebum.
771 3769 940 3821 mutuatum
972 3762 1018 3812 sed
1045 3762 1194 3810 mercedula
1215 3768 1303 3810 tamen

237 3837 411 3888 Philostratus
429 3837 494 3886 scite
512 3844 615 3886 narrat:
634 3835 733 3900 ‘Apol-
772 3839 842 3902 data,
859 3838 988 3887 hominem
1010 3837 1136 3900 placasse.
1169 3836 1236 3885 Hac
1257 3835 1303 3885 lib.

204 3913 301 3962 lonium
318 3913 419 3962 venisse
436 3913 551 3976 Romam,
563 3919 590 3962 et
607 3913 633 3963 iu
650 3913 734 3977 bespl·
772 3927 811 3964 ιν.
828 3913 932 3978 lipsius.

205 3987 419 4052 tlumquoddurn,
436 3989 549 4052 perbaec
568 3987 733 4050 temporadi·
805 3989 915 4039 titionis
933 3989 1024 4054 polum]
1052 3988 1144 4037 Multis
1167 3985 1252 4050 palam
1274 3991 1303 4035 et

206 4063 324 4113 vertisse.
358 4063 399 4114 Ibi
412 4071 499 4113 autern
516 4063 732 4128 hominemqueu-
772 4071 863 4129 aperte
874 4065 1048 4114 scrutantibus
1064 4063 1159 4112 aornim
1173 4061 1303 4122 missum,

205 4136 497 4201 damaceuicobabitu,
508 4138 632 4189 citharam
643 4146 732 4188 tenen·
772 4133 831 4191 curn
847 4141 890 4190 alii
910 4141 996 4205 plures
1012 4139 1083 4190 idem
1101 4137 1181 4202 etiam
1199 4137 1301 4187 occulte

207 4215 260 4264 tem
271 4218 299 4262 et
313 4213 468 4280 pulsantem,
479 4219 628 4266 cantantem
646 4215 733 4281 enam,
772 4215 951 4268 observarent.
