3192 4909
482 873 486 879 ,
599 843 864 942 Mons

394 1047 1072 1170 NERONIS

611 1419 849 1486 INITIUM

526 1603 942 1686 PRINCIPATUS

335 1800 1031 1920 -GALBAE.

175 2079 399 2168 supplemento
415 2085 477 2150 lac
503 2084 618 2150 libavit
642 2085 849 2171 excerpsitqnc
877 2081 1034 2147 Hernicus
1061 2079 1282 2160 Scadinavia

221 2181 422 2266 doctissimos,
445 2207 481 2250 es
512 2183 699 2266 Plutarcho,
727 2183 885 2265 Suetonio,
913 2182 1030 2263 Dione,
1054 2193 1084 2247 et
1109 2204 1146 2247 cc
1172 2181 1281 2248 Tacito

219 2284 305 2368 ipso;
326 2285 437 2372 quibus
456 2287 631 2371 promissis,
643 2285 782 2374 facilior
796 2299 826 2351 ct
850 2285 967 2351 clurino
979 2287 1134 2350 transitur
1154 2283 1195 2348 ab
1212 2283 1281 2348 Ain·

219 2386 345 2452 nulibus
377 2385 491 2468 Taciti,
528 2410 659 2474 quornm
671 2387 754 2473 finis
782 2388 904 2454 invidio
922 2388 1073 2475 futorum
1096 2388 1281 2472 interceptos

218 2506 282 2554 cst:
305 2489 349 2556 nd
371 2489 505 2556 alterum
521 2489 585 2576 aas
599 2511 685 2575 opus,
708 2486 870 2553 Historias
893 2488 1009 2554 scilicet
1038 2487 1188 2552 bellorum
1203 2486 1281 2553 cini·

219 2589 306 2656 lium.
352 2591 431 2657 Hac
453 2594 591 2676 primam
608 2590 738 2680 uulgari
763 2591 911 2655 idiomate
934 2589 1073 2677 Anglico
1100 2588 1279 2673 composita,

218 2689 291 2756 dein
314 2687 410 2756 lotio
430 2693 553 2756 sinistre
572 2690 886 2769 annotaremus
907 2691 982 2755 iocis
1003 2693 1199 2773 rrroobscurc,
1225 2713 1280 2756 noa

219 2811 287 2857 cnm
309 2790 486 2856 unctoribus
499 2791 581 2856 ande
595 2789 707 2856 lausto
721 2801 803 2874 caat,
824 2789 929 2856 sedulo
945 2791 1139 2872 contulimus,
1157 2811 1280 2878 porga·

217 2891 328 2974 cimas,
350 2904 442 2980 atque
461 2892 691 2959 elucidavimus.

174 3075 303 3166 Arno
326 3101 430 3168 urbis
448 3103 593 3168 connita
611 3117 793 3168 necem.
819 3103 954 3169 cocao
968 3098 1133 3165 nachao
1147 3105 1180 3165 a
1194 3099 1279 3166 snio

175 3200 297 3268 Italico
312 3201 411 3268 Coss.
426 3201 531 3268 Gaius
547 3203 661 3269 Julius
675 3201 824 3284 Vindex,
841 3205 898 3290 qui
914 3202 1062 3269 Galliam
1077 3195 1278 3285 Lugdunin·

174 3321 244 3368 sem
265 3303 458 3388 Proprectnr
469 3307 648 3382 obtinebat,
671 3312 856 3389 postquam
872 3305 1011 3389 privatis
1034 3323 1126 3388 saepe
1146 3303 1277 3367 insidiis

173 3405 314 3488 petitum
339 3405 519 3482 Neronem,
542 3407 634 3470 irrito
660 3425 792 3488 semper
805 3413 935 3483 eventu,
961 3403 1054 3483 vidit,
1076 3405 1202 3486 primus
1216 3423 1277 3470 ex·

173 3506 248 3572 tulit
271 3507 418 3590 publicae
433 3509 652 3589 aggressionis
670 3507 812 3590 signum,
838 3515 986 3591 apertum
1010 3505 1276 3588 professuahosss

172 3613 249 3672 tem.
294 3605 431 3671 Vindex
447 3607 628 3671 domuerat
643 3610 841 3685 senatorius,
857 3608 981 3690 origine
996 3607 1127 3685 Gallus,
1142 3613 1175 3671 et
1189 3602 1275 3690 prisss

173 3726 288 3774 comm
302 3707 390 3790 apud
413 3727 471 3772 eos
496 3707 627 3790 Regum
651 3710 799 3789 sanguis,
825 3727 962 3791 corpore
974 3708 1118 3783 validus,
1144 3709 1274 3789 iugenio

172 3828 261 3890 acer,
285 3829 385 3873 manu
406 3815 566 3892 promtus,
593 3810 671 3874 belli
686 3810 809 3888 sciens,
836 3814 870 3873 et
891 3811 1105 3894 praefidentis,
1132 3828 1199 3892 quo
1220 3825 1274 3872 ra·

172 3911 294 3994 pieuda
314 3912 489 3976 inclinaret
512 3911 660 3988 occasio,
688 3911 799 3974 animi.
846 3911 978 3976 Pacata
1002 3913 1073 3994 ejus
1101 3909 1274 3993 provincia

172 4017 255 4090 erat,
277 4018 312 4077 cl
332 4019 508 4097 propterca
529 4013 680 4077 inermis:
703 4031 868 4096 nusquam
883 4013 1060 4094 legionum,
1084 4020 1142 4072 aut
1157 4009 1273 4072 cohor*

172 4109 254 4176 lium
281 4115 413 4191 stativa,
436 4131 601 4198 nusquam
625 4112 832 4196 praesidium.
878 4112 944 4175 Sed
968 4118 1077 4174 tamen
1092 4110 1185 4172 utin
1200 4112 1305 4172 cor·‘

173 4229 253 4296 pora
264 4227 364 4297 aegro,
377 4217 410 4277 et
425 4214 636 4298 peccantium
647 4213 818 4280 humorum
829 4212 961 4297 injuriis
969 4211 1127 4290 obnoxio,
1142 4207 1271 4294 primns
