3192 4909
191 391 326 456 ωσι]
547 389 756 440 ausanium
782 391 855 440 naa.
877 391 944 440 xv.
1205 373 1295 443 188⁹

191 529 374 599 maltum
392 535 485 602 tusus
505 537 651 596 moutam
671 531 829 598 Tuumm‘
848 531 1119 615 ‘reciperandm’
1141 537 1182 598 ut
1203 530 1289 596 tere·

191 628 265 708 but,
279 635 289 664 ‘
301 631 571 714 numeremur
586 633 822 716 vastandisque
836 634 1032 716 regionibus,
1045 652 1131 718 quus
1145 631 1294 698 Corbulo

193 729 337 814 integrus
352 732 543 798 omisisset!
587 732 631 798 Et
644 739 745 815 cuptn
760 734 914 817 quedam
938 735 1093 798 meabat
1114 735 1296 818 gloriaque

193 836 226 897 ct
239 833 365 914 praedae
380 833 526 898 nonnihil
548 841 692 916 partum,
715 833 746 896 si
768 838 827 898 unt
847 834 988 916 gloriam
1008 853 1086 898 cum
1105 836 1215 912 modo,
1241 839 1298 899 aut

193 931 343 1013 praedam
367 953 443 998 cum
466 953 557 1012 cura,
579 935 760 1000 habuisset.
804 935 1009 1018 longinquis
1032 936 1202 1000 itineribus
1225 953 1299 1018 per·

195 1033 373 1109 cursando,
396 1053 474 1116 quse
498 1035 637 1100 obtineri
661 1037 862 1118 nequibant3
886 1041 1075 1118 corrupto,'
1097 1037 1155 1120 qui
1181 1041 1302 1118 captus

195 1139 279 1216 erat,
294 1141 490 1212 commeatu,
506 1140 539 1200 et
554 1137 695 1200 instante
718 1136 789 1219 jam
812 1135 942 1220 hyeme,
955 1135 1092 1200 reduxit
1104 1136 1301 1212 exercitum,

196 1235 450 1317 composuitque
475 1235 519 1300 ad
545 1234 713 1300 Cassarum
742 1235 865 1314 literas,
890 1236 988 1321 quusi
1014 1235 1169 1300 contecto
1195 1233 1297 1312 bello,

195 1333 306 1398 verbis
318 1335 530 1418 magnificiS,²
544 1355 652 1400 rerum
668 1353 806 1402 vacuas.

194 1508 358 1562 commeatibus
367 1513 516 1576 preparatis,
526 1513 614 1578 ruptim
625 1515 691 1564 ducit
707 1513 786 1575 copies
803 1515 868 1562 aitrs
883 1518 984 1562 Μαι
1000 1513 1113 1572 rustum,
1131 1511 1203 1574 recip
1205 1511 1301 1575 lenda,

194 1575 333 1637 utrium,
349 1577 553 1638 Tigranocerta,
563 1579 768 1641 populandisque
788 1575 1036 1690 protecturiszqsas
1057 1575 1171 1626 Corbulo
1188 1547 1301 1626 illibatas

196 1639 351 1702 reliquisset.
387 1643 421 1689 Et
432 1646 573 1702 repugnata
583 1641 689 1704 quedam
699 1653 772 1704 mess,
783 1644 808 1688 et
818 1640 910 1690 dasem
916 1655 949 1703 pr
984 1655 1051 1704 agas
1060 1640 1168 1690 mitit
1177 1641 1302 1702 quesitam

196 1709 265 1763 erat,
283 1703 306 1750 si
324 1707 367 1752 nat
385 1707 455 1752 decas
469 1719 522 1752 cass
541 1705 663 1767 suedis,
678 1709 721 1754 sat
735 1709 818 1768 partas
827 1705 906 1780 copias
916 1706 1045 1766 diiigenter
1055 1708 1221 1754 comm.
1254 1704 1303 1754 ded

195 1765 253 1814 dass
262 1767 437 1826 bsgrssab·
414 1781 511 1816 viarum
521 1769 608 1829 spdiis
617 1769 734 1830 regiones
748 1773 877 1844 perant,
887 1783 940 1831 qua
956 1768 1058 1818 retinen
1069 1783 1115 1817 sos
1123 1773 1243 1831 poterast,
1252 1783 1304 1816 eor·

196 1833 407 1894 reperiuntque
418 1829 493 1894 capta
506 1831 615 1894 fenest,
620 1831 724 1894 frages,-
740 1839 764 1882 et
775 1832 968 1892 imnisssteiass
977 1833 1069 1908 lgm,
1080 1832 1176 1882 naama
1187 1832 1307 1884 dms:

196 1893 462 2020 semeiam
479 1897 512 1944 ad
526 1895 665 1960 principem,
676 1897 749 1946 velati
765 1901 861 1960 patrato
878 1895 944 1955 telio.
963 1897 1039 1946 uerbis
1056 1895 1216 1962 amplissimis,
1233 1895 1304 1945 relat

663 2067 840 2086 ‘neomuto

198 2145 264 2198 lise
276 2151 305 2196 et
323 2145 438 2196 editione
450 2146 579 2210 principe,
588 2145 700 2196 ostsibas
731 2147 895 2200 Erotion-i
912 2149 957 2200 lta
973 2147 1101 2200 editiones
1112 2156 1214 2201 veteres
1225 2157 1254 2200 et
1265 2164 1306 2202 re-

199 2207 340 2314 centiores.
374 2209 407 2259 lu
418 2210 510 2261 medrus
520 2210 681 2276 qmbusdam,
689 2211 837 2276 ngsssteas.

695 2371 805 2422 NOTAE

218 2477 242 2542 *i
257 2474 371 2536 Tm]
389 2475 419 2526 L.
430 2489 469 2524 vr.
479 2489 502 2526 c.
513 2479 555 2525 tl.
774 2491 929 2542 recuperem
945 2479 1028 2530 voluit
1046 2480 1146 2541 Pctus,
1157 2477 1306 2542 prinsquam

232 2559 244 2585 ¹¹
261 2553 438 2617 Reciperusdim
460 2559 488 2604 ut
504 2553 599 2617 sumat,
617 2553 731 2615 liparo-
772 2553 922 2616 ingruerent
938 2555 1041 2617 Partiri,
1053 2555 1121 2619 quod
1138 2560 1230 2603 contra
1245 2564 1306 2602 cou-

200 2625 285 2692 emb]
301 2627 379 2677 llaud
389 2629 465 2678 dubie
479 2629 541 2678 illud
555 2628 678 2693 oppidum
689 2627 733 2678 ds·
773 2629 850 2695 tigit,
866 2645 926 2680 uam
943 2637 971 2682 et
990 2631 1046 2694 ipse
1065 2631 1184 2682 obsessus
1203 2635 1306 2692 captus·

200 2709 318 2752 seruerut
332 2703 468 2767 Tigranes,
481 2711 510 2752 ut
529 2710 556 2752 et
573 2709 668 2753 ceterae
685 2701 733 2752 Ar·
773 2719 824 2768 qne
834 2712 875 2753 est
885 2720 902 2753 a
913 2705 1027 2754 Partitis.

201 2778 295 2828 munita
311 2791 392 2842 spent,
408 2793 467 2828 cum
485 2778 613 2829 abscessit
623 2779 734 2841 Vologe·
806 2780 996 2843 ΓΜ]
1013 2781 1079 2831 Quae
1099 2780 1162 2828 urbs
1180 2776 1306 2842 potestati

202 2867 254 2916 sea,
269 2863 300 2904 et
317 2855 387 2904 missi
405 2863 465 2904 sunt
484 2855 563 2918 legati
580 2855 733 2904 Parthorum
773 2867 836 2915 sut,
852 2867 898 2903 seu
916 2852 1105 2916 Armeniorum,
1122 2855 1216 2904 relicta
1232 2859 1307 2902 erat:

202 2929 321 2993 Romam,
331 2945 409 2994 snper
419 2931 533 2993 petenda
543 2927 675 2978 Armenia.
773 2936 900 2980 ettamen
916 2944 968 2979 nou
985 2945 1042 2979 eam
1059 2929 1133 2992 cepit
1150 2926 1307 2992 Patns,sed

233 3007 327 3068 Supra,
338 3006 442 3055 occulte
462 3005 592 3068 pepigisse
605 3006 734 3068 interpre·
775 3007 883 3054 castella
892 3012 993 3054 tantam
1004 3005 1099 3068 aliqua.

202 3081 334 3143 labantur,
343 3087 383 3140 ut,
403 3081 494 3129 omisso
514 3079 643 3142 utrimque
655 3079 735 3140 ballo,
807 3086 823 3110 '¹
841 3078 970 3141 Comus]
997 3075 1153 3127 Putret'aetu
1175 3075 1307 3125 frumento

202 3164 231 3205 et
250 3157 362 3205 abeunte
373 3154 511 3218 Vologese,
526 3155 657 3215 Tigranes
674 3169 735 3217 quo·
776 3159 805 3200 et
826 3153 920 3200 ceteris
940 3149 1056 3214 frugibus
1077 3150 1228 3214 copiisque;
1251 3150 1308 3199 ltac

203 3243 255 3295 que
266 3229 388 3278 Armenia
399 3228 562 3277 abscederet.
595 3228 735 3277 Consense-
777 3224 900 3288 inteiligit
918 3237 965 3287 pes
983 3228 1143 3274 mutuas.
1176 3222 1251 3273 Intra
1267 3227 1307 3272 lb.

202 3311 244 3356 rat
257 3305 341 3368 pelam
357 3304 548 3368 pepigeratqne
566 3301 658 3352 sbsens
676 3303 737 3352 Cos·
776 3302 964 3350 ‘Frumentum
987 3299 1073 3362 piebis
1097 3302 1228 3350 vetustste
1253 3313 1309 3350 cor·

203 3377 274 3439 bulo,
284 3386 315 3428 ut
326 3381 385 3428 ltex
396 3379 551 3432 Parthorum
572 3378 688 3428 mitteret
699 3379 735 3428 le·
777 3376 1137 3441 ruptomin'liberimjecit'

205 3461 277 3517 gatos
296 3454 329 3504 ad
344 3455 473 3504 Curarem
487 3453 521 3504 ds
536 3450 659 3504 Armenia
674 3454 738 3502 liri·
811 3451 939 3515 Corrupto]
983 3453 1085 3516 Nempe
1117 3451 1309 3517 longinquitate

206 3529 261 3582 dati
280 3529 431 3590 obtinenda,
449 3529 537 3592 sicque
560 3529 640 3578 tacito
659 3535 737 3592 pecto
777 3529 902 3592 temporis
919 3534 948 3577 et
963 3529 1156 3592 locorumque
1173 3543 1307 3593 percursa.

205 3605 343 3655 deserebat
352 3607 498 3670 Tigranem,
514 3607 566 3668 qui,
577 3613 674 3654 certes
688 3605 737 3653 llu-
778 3605 818 3656 vit
830 3607 932 3666 Perus,
940 3609 1050 3667 compta
1065 3617 1108 3652 res
1125 3602 1307 3668 transmaria,

206 3679 287 3734 mauu
303 3681 453 3739 destitutus,
470 3677 560 3728 debuit
574 3679 631 3741 ipse
648 3684 676 3726 et
687 3675 736 3726 Ar·
776 3694 827 3728 non
837 3681 952 3742 maante,
963 3686 992 3728 nt
1012 3682 1068 3728 solt
1081 3679 1213 3742 luterpres
1229 3681 1311 3730 Galil-

205 3755 298 3806 msuim
307 3771 379 3819 spem
391 3756 521 3805 omittere.
776 3770 840 3818 cus,
856 3763 884 3805 et
899 3758 948 3804 boc
964 3758 1100 3806 adversum
1113 3757 1200 3804 sensui
1218 3755 1307 3806 Taciti

212 3869 217 3878 .
240 3830 427 3893 ilgrsssrertis]
442 3830 485 3880 Sic
496 3830 631 3880 emulatur
646 3829 736 3879 Paetus
775 3831 908 3892 hocloco,
927 3833 970 3894 qai
986 3831 1060 3891 dicit,
1075 3832 1160 3892 gloria
1178 3836 1202 3878 et
1218 3831 1307 3894 praeda

206 3905 484 3970 glomusculum,
505 3906 547 3969 qui
564 3905 692 3968 integram
709 3905 737 3954 ii·
777 3905 885 3956 assam
901 3911 1005 3967 ratam.
1047 3907 1141 3970 Neque
1168 3905 1311 3955 verisimile

205 3982 256 4032 iam
275 3981 364 4038 urbem
383 3980 532 4044 reliquerat,
551 3979 737 4044 intactamque,
777 3987 831 4040 est,
839 3994 901 4040 opes
911 3988 940 4030 rt
951 3981 1064 4043 praedam
1076 3993 1177 4029 omnem
1187 3994 1220 4028 aa
1230 3991 1311 4040 sups-

207 4058 280 4124 quasi
299 4071 350 4108 uon
369 4056 490 4121 cepisset.
524 4056 590 4107 Qum
609 4056 669 4106 urbs
690 4069 737 4105 suu
777 4055 876 4105 ditione
888 4063 998 4121 partam,
1007 4055 1096 4108 statim
1112 4061 1194 4106 totam
1208 4052 1310 4104 ebulu-

207 4133 313 4186 arbitrio
324 4133 416 4184 relicta
426 4139 477 4196 eat,
490 4135 626 4197 postquem
636 4130 738 4180 abacus·
777 4131 843 4183 sisse
852 4129 964 4184 Parum

210 4221 267 4262 turs
288 4209 430 4276 Vologeses
450 4217 479 4262 at
497 4209 634 4274 iigm-
673 4209 737 4266 Em
