3192 4909
207 405 235 458 .ι.
248 403 345 468 cmc]
548 395 754 451 suasurum
778 397 854 448 osu.
874 400 957 453 xrs.
1222 389 1312 458 211³

251 542 512 630 aelementis
539 543 647 607 adbuc
671 545 772 608 verba
798 545 927 628 excipit
941 543 1312 630 Somnus‚proclamat·
1355 590 1363 603 ·

208 665 294 730 qne:
318 649 328 678 ‘
345 666 407 708 non
423 646 510 708 ittam
526 645 560 708 in
576 648 782 728 provinciam
797 668 910 712 secum
926 650 1119 732 protectam,
1130 670 1194 714 noo
1212 650 1312 719 Plau·

209 754 266 812 toy
279 767 341 832 per
355 755 485 811 aetatcm
502 749 595 812 nosci
612 751 778 831 potuisse:
802 770 867 814 uon
883 751 1076 815 criminibus
1087 753 1216 815 moriti¹
1230 773 1313 818 coo-

207 869 349 914 nexam:
375 849 486 913 ninriae
502 855 627 912 tantum
643 851 778 933 pietatis
793 871 883 914 ream
898 861 1098 933 separarent,
1110 863 1210 936 atque
1226 856 1310 937 ipse¹

209 969 440 1036 quamcunque
454 958 575 1015 sortem
590 951 738 1017 subiret.'
783 953 938 1016 Simul-in
950 954 1128 1036 amplexus
1142 974 1313 1020 occurren·

209 1053 254 1115 tis
269 1053 348 1116 filiae
365 1053 492 1129 ruebat,
508 1054 573 1117 nisi
593 1054 757 1138 interjecti
780 1056 915 1120 lictores
931 1055 1079 1138 utrisque
1094 1057 1312 1122 obstitissent.

210 1151 298 1217 Mox
314 1153 410 1216 datus
425 1155 565 1218 testibus
578 1155 692 1220 locus:
715 1163 759 1233 et,
775 1162 948 1238 quantum²
962 1158 1197 1220 misericordiae
1213 1159 1313 1224 sovi-

210 1253 260 1320 tia
273 1256 497 1320 accusationis
511 1263 730 1339 permoverat,
741 1265 865 1322 tanturn
880 1260 973 1324 imo·
987 1259 1027 1323 P.
1041 1257 1203 1339 Egnatius
1219 1261 1313 1326 testis

210 1357 365 1420 concivit.
404 1355 515 1422 Cliens
530 1359 584 1422 bic
600 1357 730 1436 Sorani,
741 1366 774 1423 et
790 1369 868 1424 tunc
882 1368 988 1424 emtus
1003 1363 1045 1426 ad
1061 1361 1314 1446 opprimendum

210 1459 365 1536 amicum,
390 1461 621 1524 anctoritatem
645 1461 769 1527 Stoicae
796 1469 897 1526 sectae
918 1461 1127 1544 praeferebat,
1145 1464 1261 1528 babitu
1281 1470 1315 1530 et

210 1576 266 1622 ore
287 1559 329 1622 ad
345 1560 592 1642 exprimendam
612 1561 786 1642 imaginem
808 1561 1314 1639 honestiexercitnS,⁴¹’ceten1m

243 1769 355 1820 Dicentis
377 1772 453 1820 odire
472 1771 566 1834 puellm
587 1787 714 1822 mmmm
733 1773 825 1838 excipit
846 1773 960 1832 Somnus,
971 1775 1130 1834 nummoque
1138 1789 1147 1829 ,·
1162 1772 1241 1822 tiliam
1263 1788 1314 1826 nou

211 1833 289 1883 ivisse
302 1850 390 1884 secum
402 1835 427 1884 in
441 1834 539 1896 Asiam,
550 1851 600 1885 non
618 1838 738 1898 cognosci
757 1839 872 1902 potuisse
890 1854 904 1886 ιι
916 1838 1035 1887 Rubellio
1046 1839 1079 1886 ob
1093 1839 1245 1900 juventam:
1263 1853 1315 1888 non

211 1899 374 1948 conscientie
383 1897 501 1950 'Pettiosis
513 1901 561 1948 riri
572 1903 609 1950 sui
626 1901 760 1952 innexam:
779 1917 829 1951 oon
838 1903 931 1950 tubere
943 1901 1012 1951 aliud
1025 1902 1131 1964 crimen,
1142 1902 1191 1950 uisi
1203 1902 1316 1951 ardenti·

210 1961 261 2012 oris
272 1964 390 2012 caritatis
402 1965 539 2028 inpetrem,
551 1965 817 2016 dissociarenti'utres
833 1982 927 2015 cosmus
942 1966 1007 2017 iiiios
1026 1982 1042 2016 a
1060 1981 1114 2026 sua,
1129 1981 1316 2040 quemcumque

168 2045 171 2052 ¹
210 2025 266 2088 ipse
275 2028 373 2076 exitum
386 2027 504 2078 baberet.
540 2031 573 2078 Et
588 2031 660 2080 simui
670 2029 753 2080 meist
765 2031 791 2080 irs
805 2031 928 2094 ampiexus
938 2029 1029 2078 obvium
1041 2030 1257 2094 rerieotrspueiioe,
1266 2031 1316 2080 sisi

209 2089 343 2154 interpositi
354 2092 499 2156 apparitores
508 2093 613 2156 utrisque
625 2108 649 2142 ss
660 2094 828 2156 apposuissent.
846 2096 913 2143 Deis
922 2093 1000 2142 rudet
1008 2099 1061 2142 suut
1072 2099 1142 2142 testes
1149 2110 1159 2150 ,·
1169 2100 1192 2142 et
1204 2100 1316 2156 ousutm

207 2153 383 2203 miserationem
394 2156 507 2204 incitaret
518 2158 632 2206 atrocitas
642 2159 803 2218 assumtionis,
811 2158 1097 2220 tustsmiadigsotiosem
1106 2158 1177 2206 uouit
1188 2159 1220 2206 P.
1234 2159 1316 2220 Egre-

211 2217 260 2266 tius
279 2219 357 2268 testis.
390 2219 441 2268 Hie
456 2221 520 2268 ister
530 2220 626 2269 clientes
634 2221 731 2280 Soreoi,
741 2227 764 2270 et
779 2222 881 2284 perusio
891 2227 1015 2283 comptus
1025 2223 1056 2269 od
1067 2221 1246 2269 subserterrdrrm
1257 2222 1317 2269 omi·

210 2283 421 2342 summm-itatem
434 2283 523 2332 Stoieoe
533 2285 647 2334 doctrines
657 2286 799 2347 mtemsbst,
809 2288 875 2334 ordis
890 2286 1000 2347 nonme
1013 2285 1154 2346 compositus
1168 2287 1200 2334 sd
1217 2286 1317 2347 speeiem

210 2345 308 2394 uirtutis
319 2352 342 2396 et
351 2347 441 2396 decoris
451 2347 645 2412 adumbrarem,
655 2354 757 2400 ederem
769 2349 931 2408 ureutssottox
948 2355 971 2398 et
990 2348 1126 2411 insidiosus,
1138 2349 1244 2412 pecuedes
1254 2351 1317 2413 cupi

671 2486 834 2508 ‘uuonan
839 2485 850 2499 ⁰

245 2594 260 2638 l
276 2589 320 2640 Sic
331 2589 428 2654 optime
440 2591 506 2640 Mes.
519 2590 588 2640 i'tor.
600 2590 667 2703 Βοός.
681 2591 759 2641 corb.
772 2590 835 2654 dgr.
853 2591 934 2642 editio
954 2593 1086 2658 princeps,
1097 2592 1214 2656 Ryckins
1231 2599 1261 2642 et
1277 2607 1318 2642 re·

211 2654 352 2704 centiores.
386 2653 416 2703 ln
429 2653 495 2703 Mes.
508 2653 583 2702 narr.
597 2655 636 2703 Bo
655 2655 672 2702 i.
684 2653 740 2705 Jes.
751 2654 841 2707 (dueli.
851 2661 1105 2720 utpupssmmmqse.
1138 2656 1231 2706 Aiters
1239 2671 1317 2707 meno

212 2719 239 2767 to
251 2719 300 2768 Me.
313 2717 387 2766 Hert.
400 2717 526 2780 additum,
537 2718 597 2780 ipse.
632 2719 775 2783 Derpersm
793 2720 964 2781 Puteolanus,
975 2724 1112 2784 separarem
1122 2735 1138 2768 o
1147 2735 1173 2768 se
1182 2737 1317 2784 quomm-

210 2795 264 2845 φο.
281 2781 445 2831 Βωιὶοιμὶ
462 2781 505 2830 lta
516 2781 615 2845 optime
625 2781 710 2830 adhoc
721 2783 786 2830 Mss.
794 2783 874 2832 corb.
887 2785 954 2847 ng.
966 2783 1047 2833 editio
1058 2785 1178 2847 princeps
1190 2793 1218 2833 et
1229 2797 1319 2834 reeen-

211 2845 301 2896 tiores.
334 2845 367 2894 lrr
377 2846 440 2895 Μαι.
450 2845 527 2896 Hori.
539 2845 616 2895 soor.
627 2846 683 2898 des.
694 2853 723 2896 et
734 2846 906 2906 Puteolanos,
914 2852 1029 2910 sumum
1037 2863 1099 2898 usse
1107 2848 1213 2897 uma.
1232 2849 1316 2900 Idem.

211 2913 260 2959 -t
278 2911 328 2960 bis.
340 2909 570 2974 Apamia—⁴
587 2910 631 2960 Its
639 2910 706 2961 bens
717 2909 832 2974 Lipsius.
849 2913 882 2962 In
892 2912 957 2961 Μαι.
967 2919 997 2961 et
1006 2911 1163 2963 editionibus
1172 2914 1317 2976 veteribus,

709 3069 820 3122 NOTAE

211 3182 356 3234 numinibus
376 3181 543 3245 effunderet;
557 3185 647 3248 sicque
670 3183 743 3234 titum
784 3183 830 3248 qni
841 3183 987 3234 nominatos
999 3185 1069 3234 inter
1080 3183 1230 3246 conjuratos
1242 3196 1257 3231 ι
1273 3183 1319 3233 Se·

212 3257 358 3307 nominasse
393 3265 493 3308 tsntnm
524 3260 593 3308 inter
627 3260 743 3324 numina,
783 3259 894 3330 necione
905 3260 998 3322 smico,
1008 3266 1036 3310 et
1053 3260 1097 3324 qui
1114 3257 1253 3308 iofsmstns
1264 3273 1318 3309 ms·

212 3333 239 3382 id
251 3339 302 3394 est,
312 3333 381 3382 inter
392 3333 551 3398 precandum
568 3335 682 3400 numios,
698 3351 744 3389 seu
784 3335 824 3399 gis
843 3351 921 3401 qnam
938 3336 1085 3399 convietus,
1095 3335 1122 3383 in
1139 3334 1245 3384 exilium
1263 3334 1319 3397 pui-

213 3407 275 3458 dnm
286 3409 420 3459 invocaret
431 3411 505 3460 Deos
518 3411 626 3475 patrios,
637 3411 689 3461 rim
703 3426 744 3476 ps
784 3424 827 3460 sus
836 3417 902 3459 erut.
999 3415 1003 3421 ’

213 3485 265 3534 trio
288 3486 472 3551 Romanoqne3
495 3501 545 3536 oon
575 3495 662 3539 sutem
690 3487 745 3536 diro
817 3483 1140 3547 ⁸1m1rsntumrroein
1160 3484 1320 3538 recensivit

212 3567 258 3610 ant
269 3561 377 3624 magico,
388 3571 416 3610 m
429 3560 571 3626 objiciebat
582 3569 729 3614 accusator.
785 3561 819 3611 P.
830 3561 967 3624 Egnatius,
977 3567 1008 3609 ut
1019 3559 1064 3625 qui
1074 3560 1183 3610 smienm
1194 3561 1320 3624 proderet

246 3636 316 3684 Inter
331 3633 438 3698 rumino]
458 3637 517 3686 Non
537 3637 605 3686 inter
620 3637 693 3688 Deos
709 3638 747 3688 in·
787 3635 972 3700 perderetque,
993 3642 1117 3701 qnantum
1133 3636 1318 3689 misericordia

211 3708 300 3760 ternos
310 3723 356 3758 seu
374 3717 508 3775 tartareos,
529 3713 576 3760 sed
596 3713 664 3762 inter
673 3714 745 3765 Deos
784 3711 886 3762 servitio
897 3712 1056 3761 sccrrsstoris
1067 3727 1113 3762 reo
1125 3713 1319 3762 conciliaverat.

213 3785 331 3837 coeiestes
352 3785 539 3852 benignosque,
557 3795 584 3837 et
606 3789 675 3838 inter
690 3805 745 3854 pre·
817 3784 830 3819 δ
847 3786 987 3850 Exercitus]
1008 3787 1053 3837 Sic
1075 3789 1148 3838 Nero
1169 3801 1257 3854 snpra,
1273 3787 1319 3838 ubi

212 3877 258 3925 ses,
271 3876 321 3910 non
333 3861 401 3910 inter
414 3863 564 3912 devotiones
589 3870 634 3913 sut
651 3864 745 3928 impre·
785 3859 1028 3925 persimnirrtionem
1038 3861 1319 3913 aobtmdttursmseo

214 3937 338 4000 cationes,
349 3945 376 3986 et
386 3939 455 3986 inter
465 3937 507 4002 pia
518 3945 579 3987 vota
591 3946 701 3991 tantum.
785 3939 802 3988 Ι.
814 3950 872 3988 xlv.
882 3939 940 3989 δᾶ(
951 3939 1002 3988 ldis
1014 3939 1107 4004 adjicit
1115 3940 1278 4004 complexum
1290 3943 1320 3988 et

245 4021 257 4056 t
274 4013 331 4062 Nos
342 4013 442 4076 Ptonto]
459 4015 560 4079 thnae
568 4017 657 4079 junior
667 4023 746 4082 esset,
785 4013 976 4077 aestumetur
985 4012 1319 4078 nutometconsnetudins

214 4094 242 4138 et
264 4089 364 4153 pridem
384 4097 484 4139 emotus
503 4098 562 4142 eret
580 4091 691 4142 Plautus
718 4093 745 4140 in
784 4091 925 4155 exercitus,
945 4092 1033 4142 reisre
1065 4089 1153 4142 odium
1180 4089 1319 4140 tsttseibos

216 4163 314 4215 Asiam.
784 4164 937 4216 blanditiis?

248 4239 375 4304 'Moritss
392 4239 494 4306 Nempe
515 4241 592 4292 Annii
610 4241 746 4307 Pollionis,

280 4317 367 4386 Deipi.
375 4326 399 4371 et
413 4321 470 4374 i'sr.
486 4323 552 4374 Ctss.
736 4323 815 4386 Tacit,
1209 4322 1254 4374 08
