3192 4909
217 405 353 470 bnon}
569 393 776 448 suuamuu
802 393 964 448 n1n.xv·.
1232 377 1320 452 1927

218 544 372 621 diffisum,
386 543 552 608 violarum
565 547 676 606 tamon
692 539 808 619 fuisse,
832 541 863 606 si
885 542 1087 608 elementiam
1111 537 1238 628 judicis
1261 563 1321 609 ex·

219 651 415 812 litgsswglec
429 745 533 810 multo
546 748 635 826 post,
650 743 776 808 omissa
792 743 827 808 in
847 761 998 828 praesena
1014 739 1169 821 Acbuia‚¹
1192 749 1321 823 (canaan

219 850 256 913 iu
268 851 407 913 incerto¹
422 844 528 929 fuere)
539 847 653 910 nrbern
666 847 803 927 reuisit3
822 848 1015 930 prouincias
1030 845 1202 925 orianum
1217 850 1324 914 maxi·

219 968 273 1014 nae
287 950 494 1034 AEgyptum:
508 948 643 1012 secretis
660 949 966 1030 imaginationibus²
980 949 1138 1031 agilane*
1181 949 1322 1014 Dehiuu

220 1084 336 1171 dentem,
346 1111 499 1163 incolumem
510 1114 597 1158 tamen
608 1109 734 1172 futurum,
744 1110 910 1161 alienitatem
922 1110 1047 1176 principis
1058 1112 1173 1174 opperiri
1183 1112 1314 1163 voluisset.

255 1178 290 1224 Et
299 1177 368 1240 poulo
374 1180 429 1240 post
438 1175 521 1224 reiistu
530 1176 562 1222 od
570 1188 676 1236 prenso
689 1175 793 1236 Achaia,
806 1177 865 1239 (eur
880 1175 1048 1238 relinqueret,
1059 1190 1136 1224 maon
1146 1191 1192 1224 rou
1202 1181 1326 1241 comperta

219 1239 297 1303 ouat,)
318 1242 416 1290 mm
430 1239 514 1302 rediit,
528 1238 635 1299 regim
653 1239 761 1288 Orientis
776 1239 871 1290 oroosdo
886 1239 1070 1301 cogitationibus
1086 1241 1193 1302 σείων,
1207 1241 1326 1306 mcipuo

682 1363 862 1384 aunuente

224 1446 228 1452 '
253 1449 267 1494 i
288 1447 360 1495 Cous.
370 1443 542 1504 iaemaesuere
552 1444 596 1493 ed.
608 1447 699 1508 pret
716 1441 748 1491 ln
766 1443 816 1492 bia.
827 1443 894 1508 Res.
907 1443 1132 1496 moolinotioaibus:
1150 1453 1177 1496 at
1189 1462 1239 1496 vor
1250 1446 1326 1498 obelo

221 1515 326 1559 notata:
345 1523 402 1558 earu
413 1518 500 1558 tamen
513 1507 661 1572 probabant
672 1508 782 1556 Ursinus
794 1516 822 1556 et
832 1509 963 1558 Muretus.
993 1507 1025 1556 lu
1041 1509 1093 1558 Ma.
1105 1509 1160 1562 Jes.
1172 1511 1326 1572 uirginitas.

221 1578 270 1622 ——t
288 1575 332 1624 Sic
343 1575 407 1624 Mss.
426 1581 455 1622 et
470 1579 576 1622 ueteres
586 1572 723 1622 editiones.
756 1571 1027 1636 Rbenanus,dria.-t
1044 1574 1077 1622 Iu
1089 1575 1153 1624 Mas.
1166 1573 1242 1626 Harl.
1253 1576 1329 1626 Redi.

718 1699 825 1752 NO'l'AE

258 1815 300 1863 Ex
311 1816 385 1880 moro]
403 1817 463 1865 Non
482 1816 564 1865 solnm
580 1816 660 1880 ipsius
673 1817 755 1866 Nero·
828 1815 869 1865 lta
886 1819 971 1880 palam
985 1819 1032 1868 lati
1044 1818 1138 1868 erroris
1149 1817 1217 1868 illiue
1232 1817 1329 1868 Pausa·

223 1891 273 1950 nis,
295 1890 340 1938 sed
367 1899 395 1940 et
416 1891 578 1954 superiorum
601 1891 756 1955 principum,
795 1892 851 1941 uias
863 1891 1004 1943 liberatur:
1024 1894 1068 1958 qui
1088 1909 1137 1942 uon
1157 1895 1205 1942 hnc
1224 1895 1330 1957 vult,nt

222 1966 319 2015 'liberii
332 1973 360 2015 et
369 1967 435 2030 cati,
444 1965 488 2032 qul
499 1974 635 2031 postquam
646 1967 756 2031 optimos
795 1967 915 2016 Sardinia
934 1975 997 2017 tuuc
1016 1967 1118 2018 demum
1140 1969 1274 2032 pruvincia
1295 1969 1329 2018 sit

223 2041 295 2091 eires
305 2041 516 2092 interfecissent:
533 2043 571 2091 sie
589 2042 697 2090 mortuis
714 2040 757 2090 ad·
797 2041 883 2092 facta:
910 2056 961 2092 nou
982 2043 1111 2108 hercules,
1132 2059 1199 2093 nun:
1231 2044 1277 2094 sed
1300 2052 1331 2095 nt

222 2117 274 2166 nne
292 2116 444 2176 illudebant,
461 2117 696 2181 conscientiamque
716 2131 758 2179 ge·
797 2131 856 2166 eum
868 2118 964 2182 populo
976 2125 1131 2181 permutata.

223 2191 295 2240 neris
315 2191 429 2255 bumani,
439 2200 468 2240 et
485 2192 558 2255 leges
577 2193 649 2256 ipsas
665 2198 757 2256 aperte
832 2191 892 2242 Hoc
905 2199 991 2242 tumen
1012 2195 1094 2258 iprum
1107 2206 1139 2243 an
1152 2195 1231 2244 aare?
1250 2194 1330 2244 ambi-

223 2267 391 2318 deridebaut.
796 2269 933 2334 gas-jure:
952 2269 1014 2336 quia
1030 2269 1125 2319 Strabo
1145 2268 1330 2330 libramime,

225 2355 229 2360 ’
256 2348 270 2375 ¹
287 2344 384 2392 Οιίωοι
409 2344 436 2392 ia
460 2358 564 2407 prorem
588 2344 694 2409 Arbeia]
725 2345 757 2396 ln
796 2349 825 2393 et
841 2343 892 2393 Dio
910 2357 968 2394 uir.
991 2344 1136 2394 Sardiuiam
1155 2344 1211 2407 jam
1230 2344 1291 2394 inde
1315 2360 1331 2394 a

223 2431 302 2484 quarn
313 2419 437 2468 cantandi
446 2420 589 2483 eausaivit,
597 2427 625 2471 et
634 2421 756 2472 libertate
797 2421 882 2482 prima
909 2421 1036 2470 divisione
1059 2419 1179 2483 Augusti,
1204 2421 1332 2470 collocant

225 2509 281 2544 eam
304 2495 421 2558 donavit,
441 2495 480 2545 uti
503 2497 640 2546 Suetonius
660 2497 756 2563 aliique
796 2495 865 2546 iuter
881 2495 1030 2560 populares.
1064 2493 1182 2548 Quodsi
1203 2501 1330 2546 mutatum

223 2571 366 2620 tradidere·
398 2571 469 2620 illud
492 2571 629 2621 Pausaniae
653 2573 757 2636 mirum,
796 2570 1265 2636 amediisprineipibuo;Diouemld
1279 2585 1330 2620 uon

225 2646 243 2695 l.
257 2647 469 2696 uru‘Neronem
487 2646 756 2698 Gmiaeilbertatem
795 2647 934 2709 monuisse,
944 2646 1063 2710 profacto
1073 2645 1165 2696 mirum
1176 2653 1227 2695 est.
1253 2645 1321 2709 lips.

133 2721 137 2728 ’
225 2721 380 2784 reddidisse,
398 2723 454 2772 siue
473 2722 528 2772 nilo
552 2722 654 2785 imperii
677 2721 757 2773 datri-
830 2721 993 2770 tProua'aoius
1003 2720 1331 2783 Orimtis]8uet.Ner.tti.

225 2804 328 2847 mento:
354 2798 476 2862 qnoniam
496 2811 544 2861 pro
563 2811 595 2847 aa
614 2797 757 2848 Sardiniam
797 2794 1022 2860 ‘spoponderunt
1039 2794 1333 2859 tameuquidamdesti·

225 2874 390 2938 predivitem
401 2874 511 2924 insulam
519 2875 545 2922 in
555 2873 696 2937 provincia
705 2873 757 2924 ior·
798 2878 857 2921 tuto
868 2871 974 2921 orientis
995 2870 1201 2931 dominationem,
1216 2869 1333 2920 nonnulli

226 2961 295 2997 mam
306 2948 455 3012 redegerit!
798 2945 949 2996 nominatim
962 2959 1071 3010 regnum
1086 2945 1335 3007 Hierosolymorum,
1361 3009 1365 3012 .

260 3023 393 3083 Aberrat3
411 3030 440 3073 et
457 3023 569 3087 intelllgi
579 3024 660 3072 voluit
677 3023 760 3088 Alpes
801 3027 888 3089 plnres
906 3025 989 3072 omnis
1000 3023 1118 3088 pristinu
1130 3022 1241 3072 fortuna
1253 3023 1334 3072 domi·

227 3097 376 3161 coetiauas,
392 3113 450 3162 quau
462 3101 523 3149 sole
534 3109 593 3148 oum
604 3100 690 3149 Ponto
709 3101 760 3149 Pn-
799 3099 948 3148 nationem!

227 3174 381 3238 lemoniaeo,
400 3175 426 3223 in
445 3175 606 3238 provinciam
622 3189 638 3224 a
653 3176 760 3226 Nerone
834 3174 899 3224 Ideo
912 3173 1082 3237 occultaspe,
1096 3171 1263 3220 seuseoretis
1273 3142 1334 3220 ima·
1442 3220 1443 3226 ,

227 3249 352 3299 redactae.
385 3249 504 3300 Sardinia
515 3250 630 3315 quidem,
639 3264 691 3300 nna
701 3265 760 3301 enm
801 3250 974 3316 ginationibus
985 3263 1113 3311 occupare
1122 3253 1150 3300 et
1162 3245 1211 3296 sibi
1223 3246 1336 3296 obstrin-

227 3325 326 3388 sieilia,
338 3325 423 3390 prima
434 3325 634 3390 provinciamrn.
802 3341 865 3392 gere
886 3327 951 3375 tales
972 3324 1120 3390 provincias
1141 3320 1272 3386 studebat,
1287 3335 1335 3386 per

260 3403 405 3466 Interpreti
422 3404 539 3454 berenles
558 3417 708 3470 succenseo,
721 3405 761 3470 (et
803 3401 938 3452 Chaldaeos
947 3407 974 3451 et
987 3399 1190 3450 Mathematicus
1204 3398 1336 3448 incitatus.

228 3478 252 3528 si
262 3477 314 3528 fido
325 3480 389 3529 alias
401 3486 430 3529 et
448 3479 537 3544 ducto,
547 3479 672 3529 Romulus
684 3479 762 3530 Ama·
836 3481 870 3529 Et
881 3485 954 3529 certe
966 3475 1058 3526 Partbi
1070 3491 1129 3525 oum
1141 3475 1262 3537 Oriente,
1275 3481 1335 3538 post

229 3553 359 3619 suusest)
378 3555 422 3620 qni
442 3569 483 3604 me
500 3562 531 3605 ut
552 3556 647 3620 injuste
663 3557 762 3606 Pausa-
802 3555 946 3606 'tiridatem
965 3555 1098 3604 Armenias
1118 3553 1277 3616 impositum,
1287 3551 1336 3616 ipsi

230 3627 299 3676 niam
320 3643 465 3693 arguerem,
485 3629 559 3681 iecit.
592 3631 660 3681 Nam
678 3631 762 3696 ipsn'm
803 3631 906 3682 omnino
923 3630 1056 3691 favebant,
1069 3635 1167 3692 etpost
1185 3635 1294 3678 mortem
1307 3626 1337 3675 il·

229 3703 327 3755 Grtaee
338 3720 422 3770 nuper
432 3707 531 3756 editum
542 3722 600 3757 curn
610 3708 764 3774 vidi(aulea
803 3707 862 3773 lius,
889 3707 968 3756 eriam
999 3705 1129 3769 juvabant
1159 3702 1337 3768 fovebantque

228 3794 362 3846 nunqnam
380 3781 430 3833 suit
447 3782 536 3849 eopia)
557 3785 640 3833 rerba
659 3785 714 3848 ejus
735 3785 762 3832 in
804 3783 1060 3834 Pseudo-Neronem.

229 3859 307 3908 aliam
321 3859 489 3921 senteutiam,
504 3861 562 3910 base
582 3861 683 3924 reperi:
706 3861 763 3909 Oss-
838 3857 958 3922 Orientis]
975 3858 1033 3907 Lib.
1045 3871 1077 3906 ιι.
1090 3859 1148 3906 ab.

229 3933 428 3984 sumtuum
442 3935 574 3985 contnuo·
586 3934 652 3985 Nero
667 3936 764 3999 reliquit
836 3933 1007 4000 ²AEpyptum]
1034 3933 1103 3986 Quia
1124 3929 1268 3995 prasertim
1285 3942 1338 3978 mo·

231 4009 363 4072 ῦτισίωι,
388 4011 562 4074 munione
587 4015 688 4075 pandum
712 4027 764 4061 eam
805 4013 893 4063 dulata
925 4009 1160 4062 Alexandrinorum
1187 4005 1338 4056 adulatione

229 4087 517 4153 poputoliosaoaofsstn.
550 4088 687 4137 Μῶα»
702 4089 764 4137 esim
805 4089 929 4139 delinitus
941 4087 1036 4136 fuerat.
1048 4087 1120 4135 Suet.
1132 4081 1340 4146 Ner.ao.‘cap·

231 4163 437 4214 inumbratum
455 4169 480 4214 et
497 4164 599 4230 uberem
612 4165 765 4230 psoGroeoia
804 4172 847 4215 tus
871 4171 958 4214 autern
986 4159 1126 4212 modulatis
1149 4154 1338 4209 Alexandrino·
1385 4223 1387 4228 Δ

234 4233 390 4290 Hm·
655 4249 658 4253 '
806 4256 862 4291 rum
877 4239 1077 4299 laudationibus,
1091 4235 1136 4299 qui
1147 4234 1181 4283 de
1193 4237 1259 4284 novo
1271 4248 1339 4286 com·
