3192 4909
164 401 198 458 s.
214 402 252 462 c„
265 399 330 466 re]
535 393 742 458 innumere
764 393 841 446 urs.
864 395 945 446 xvr.
1205 376 1296 446 m

168 543 316 624 segnis,
339 540 576 618 Pammenem,¹
600 538 751 622 ejusdem
769 538 839 602 loci
859 537 991 602 exulem
1005 544 1041 605 et
1062 537 1293 605 Chaldaeorum

170 649 254 709 erte
273 643 458 718 famosum,
476 659 582 724 eoque
596 640 773 704 multonem
788 641 944 704 amicitiis
958 641 1158 718 innexum,³‘
1177 640 1296 706 simili·

170 744 305 810 tudine
318 744 460 808 toruuae
475 742 546 808 sibi'
561 743 730 807 conciliat.
760 741 947 806 'Ventitare
967 743 1011 806 ad
1026 761 1102 806 eum
1114 745 1248 808 nuntios
1261 748 1297 808 et

172 844 475 912 consultationes*
486 850 501 877 ¹⁸
513 841 713 908 nonirustra
720 848 826 919 retus,
836 842 935 906 simul
947 853 1106 908 annnam⁵
1120 837 1295 927 muniam

173 964 204 1012 a,
217 945 268 1012 P.
286 943 408 1013 Anteio
422 944 598 1010 ministrari
612 945 791 1026 cognoscit
838 943 960 1027 Neque
974 947 1126 1009 nescium
1138 946 1295 1024 babebat,

175 1043 354 1110 Anteium
369 1046 506 1115 caritate
528 1044 724 1129 Agrippinae
745 1045 889 1108 invisum
905 1043 1042 1123 Neroni,
1064 1065 1211 1129 opesque
1224 1047 1298 1131 ejus

149 1223 160 1236 ⁶
176 1147 388 1231 praecipuas
400 1147 442 1210 ad
456 1147 650 1210 eliciendam
663 1145 863 1230 cupidinem,
877 1165 1017 1230 eamque
1032 1166 1172 1211 causam
1187 1145 1297 1212 mulu's

177 1248 300 1314 exitio
315 1266 397 1313 esse.
441 1245 559 1329 igitur,
581 1247 772 1330 interceptis
787 1244 900 1311 Auteii
914 1248 1029 1325 literis,
1051 1249 1181 1313 suretm
1195 1249 1297 1313 etiam

178 1347 339 1426 libellos,
353 1349 472 1432 quibus
488 1347 558 1412 dies
574 1348 727 1432 genitalis
741 1347 815 1431 ejus
830 1353 863 1412 et
874 1353 1030 1414 eventura
1045 1352 1180 1414 secretis
1196 1349 1297 1414 Pum-

180 1452 300 1514 menis
323 1451 583 1527 occultabantur,
609 1443 710 1512 simul
731 1451 880 1532 repertio,
906 1469 983 1532 quse
1008 1450 1050 1515 de
1074 1458 1148 1515 ortu
1161 1453 1298 1534 vitaque

184 1547 322 1615 Ostorii
352 1552 510 1635 Scapulae
540 1553 729 1634 composita
753 1556 856 1628 mant,
887 1552 1002 1616 scribit
1028 1551 1071 1615 ad
1096 1552 1297 1634 Principem,

185 1653 197 1682 ‘
215 1671 344 1733 magua
356 1672 392 1714 se
408 1658 442 1717 et
455 1672 531 1735 quae
547 1652 765 1716 incolumitati
781 1653 854 1735 ejus
865 1650 1097 1730 conducerent,
1112 1653 1297 1730 allaturum,

186 1753 222 1816 si
249 1752 382 1816 brevem
402 1752 496 1816 exilii
511 1753 644 1818 veniam
667 1751 930 1836 impetravisset:
954 1755 1079 1837 quippe
1093 1751 1251 1817 Anteium
1266 1757 1299 1818 et

188 1850 367 1918 Ostorium
382 1855 548 1920 imminere
558 1855 668 1932 rebus,
690 1858 724 1917 ct
742 1873 806 1916 sua
825 1852 1039 1938 Caesarisque
1053 1855 1123 1920 fata
1136 1853 1299 1919 scrutari.’

187 1951 286 2018 Exin
310 1955 424 2020 missae
453 1955 654 2034 liburnicae,v
683 1954 923 2039 advehiturque
947 1977 1086 2042 propere
1110 1954 1297 2022 Sosianus.⁶

190 2143 301 2206 quietus,
312 2149 336 2193 et
347 2145 491 2194 mcccicssrc
502 2147 564 2195 trud
572 2147 652 2209 piger,
660 2146 818 2196 similitudine
820 2145 927 2207 serim
938 2162 964 2196 se
973 2146 1078 2195 indunt
1090 2146 1212 2195 Porsiere·
1221 2147 1300 2196 erden

192 2209 249 2256 loeo
264 2209 379 2266 ernost,
396 2215 419 2257 et
435 2210 597 2259 cteleaeem
614 2211 726 2264 decim
737 2211 832 2272 celebri,
846 2211 945 2272 ideoque
962 2211 1088 2258 sistorum
1103 2210 1216 2258 mdtie'r
1225 2209 1299 2269 srrltc.

194 2271 422 2322 Existimarem
432 2273 528 2332 snam
543 2273 611 2324 scitii
626 2289 688 2337 ιαμ
704 2275 735 2322 ud
751 2275 819 2324 illsn
833 2275 931 2324 aaran
944 2279 969 2323 et
985 2273 1173 2335 Matium,
1188 2274 1258 2322 Μ
1276 2279 1300 2323 et

192 2337 322 2399 comperit,
337 2351 438 2386 ereum
471 2339 586 2387 eumaem
601 2336 748 2402 suppeditari
765 2339 840 2414 ipsiu
852 2339 883 2386 P.
895 2338 989 2388 Ameie.
1021 2340 1104 2399 Neque
1113 2339 1190 2400 ipsum
1205 2337 1303 2402 moer,

193 2399 312 2448 Anteium
323 2399 439 2461 infensum
476 2402 541 2450 eresi
558 2416 624 2462 esse,
642 2399 670 2451 cb
687 2402 819 2452 micitrum
833 2401 984 2466 Agrippino,
1002 2407 1026 2450 et
1036 2401 1134 2451 dicitius
1144 2403 1210 2451 illius
1226 2417 1302 2465 posse

193 2465 236 2511 uel
247 2464 349 2512 maxime
360 2463 512 2528 cupiditatem
529 2465 653 2542 principis
665 2465 762 2526 illicere,
779 2481 875 2528 emaque
891 2482 984 2515 cusum
1000 2467 1081 2515 multis
1088 2466 1202 2529 pmiciei
1214 2465 1301 2525 faisse.

194 2525 286 2589 Itaque
294 2528 433 2592 interceptis
442 2529 547 2591 epistulis
557 2529 649 2592 Aucti,
665 2545 717 2578 cum
729 2529 801 2578 etium
812 2529 964 2593 utdpsiseet
975 2529 1065 2588 furtim
1076 2530 1203 2590 codicillos,
1219 2530 1301 2593 quilici

194 2591 258 2640 bom
267 2593 382 2652 gmitnlis
391 2594 465 2653 illisis,
474 2593 591 2650 etserturc
598 2607 657 2654 sors,
667 2593 761 2642 werris
771 2595 905 2643 Pmcrris
915 2594 1102 2653 mulcatur,
1111 2595 1182 2643 amul
1192 2596 1303 2657 incestu,

195 2669 251 2716 qius
262 2657 434 2714 demdidie,
447 2661 470 2706 et
481 2656 531 2705 cite
545 2657 635 2706 Osturb
646 2657 982 2720 Scepuloeccrr'ssriptsemt,
998 2659 1115 2721 componit
1125 2658 1302 2707 literucdirs·

194 2723 346 2781 petitorem:
363 2720 468 2769 Summe
481 2727 508 2770 et
518 2721 627 2783 grandis
637 2735 676 2779 se,
695 2728 722 2770 et
734 2736 791 2784 quar
802 2721 835 2770 ad
846 2724 956 2770 salutem
966 2721 1024 2785 ejus
1034 2729 1195 2784 spectarent,
1209 2736 1305 2771 renun-

197 2783 334 2843 tiaturum,
344 2785 365 2832 si
377 2783 409 2832 ad
423 2784 500 2832 breve
513 2792 615 2846 tempus
628 2783 699 2832 exilii
709 2785 820 2846 gratiam
831 2784 993 2834 obtinuisset.
1026 2785 1131 2848 Quippe
1141 2784 1263 2835 Anteium
1274 2793 1303 2836 ct

198 2846 332 2896 Ortonam
352 2847 484 2895 imminere
501 2847 666 2910 principatui,
683 2855 711 2895 et
725 2847 854 2910 inquirere
869 2863 921 2911 que
937 2847 986 2895 eibi
999 2849 1159 2912 principique
1176 2857 1302 2900 eventura

198 2915 278 2960 errat
315 2912 376 2960 Mox
394 2913 470 2960 misse
489 2911 605 2974 triremes,
622 2909 771 2974 desertaeque
788 2911 897 2960 celeriter
914 2910 1034 2962 &unua
1068 2911 1102 2960 Et
1115 2913 1236 2976 publicata
1252 2913 1303 2975 eise

665 3055 842 3076 ouemeneo

199 3127 329 3189 additum,
340 3131 447 3192 inquiete
464 3137 492 3180 nt
509 3131 607 3180 hebent
624 3131 683 3180 libri
701 3132 802 3194 optimi.
820 3128 976 3180 metica—l
992 3131 1056 3179 Mes.
1068 3129 1143 3179 Harl.
1162 3129 1237 3179 Bodl.
1248 3131 1303 3181 Jes.

200 3199 231 3243 et
241 3194 412 3252 Puteolanus,
430 3195 570 3245 Persem.
602 3195 634 3244 lu
647 3197 697 3245 Me.
708 3195 786 3245 Corb.
804 3196 1014 3244 Perimere-t
1031 3195 1073 3242 Sic
1086 3194 1152 3244 bene
1162 3195 1264 3257 Lipsius
1275 3202 1304 3244 et

202 3257 371 3308 recentiores.
403 3259 489 3320 Vulgo
500 3258 525 3307 in
537 3259 600 3306 Μαι.
613 3267 640 3308 et
651 3260 783 3308 veteribus
795 3258 962 3319 editionibus,
972 3258 1098 3313 mss
1114 3267 1140 3307 et
1154 3260 1191 3307 sic
1202 3259 1306 3326 Grosp-

203 3321 262 3370 vins
274 3329 302 3371 et
313 3321 434 3384 Ryckius.
468 3321 499 3370 lu
510 3322 561 3372 Ms.
572 3321 627 3374 Jes.
639 3324 826 3372 ianuam—s
842 3322 886 3372 lu
898 3322 963 3370 Mss.
978 3323 1047 3371 Flor.
1059 3321 1137 3371 Corb.
1151 3322 1265 3370 Picbenu
1275 3332 1304 3374 ct

204 3385 371 3435 recentiores.
406 3385 436 3434 ln
456 3385 508 3435 Me.
528 3385 591 3449 Agr.
611 3389 784 3436 coimitatores.
819 3385 907 3436 Ceteri
920 3387 983 3435 Mes.
1001 3395 1026 3434 et
1046 3394 1148 3434 veteres
1166 3386 1304 3448 editiones,

202 3449 378 3498 emulationes.
412 3449 444 3498 ln
462 3450 578 3512 margine
595 3456 681 3499 tamen
700 3451 751 3500 liis.
771 3449 848 3498 Harl.
864 3448 990 3512 additum,
1007 3450 1242 3500 minitationes—5
1260 3450 1304 3501 lta

203 3512 269 3560 Mis.
284 3513 350 3560 Flor.
363 3513 440 3562 Corb.
454 3513 543 3562 Ouelt'.
560 3512 640 3562 editio
657 3515 778 3578 princeps
793 3519 821 3562 et
839 3513 1006 3564 recentiores.
1039 3511 1207 3580 Puteolanus,
1224 3515 1304 3566 simul·

203 3581 305 3638 qse.-—tl
321 3576 436 3626 Murus
447 3577 593 3627 Gronovius
605 3578 693 3628 hebet.

699 3691 806 3741 NOTAE

203 3827 207 3840 ·
236 3803 245 3836 ²
269 3799 398 3864 Incesta]
425 3801 511 3864 Vulgo
539 3801 661 3852 muium:
689 3802 735 3852 sed
775 3800 844 3865 qnod
866 3799 978 3850 fortune
997 3801 1137 3864 puritatem
1158 3803 1255 3867 arguit,
1277 3811 1306 3854 ct

206 3879 302 3928 rectius
321 3878 442 3927 iamsi.
477 3877 587 3939 Lipsius,
604 3883 632 3926 et
649 3877 736 3926 Helu·
776 3876 1306 3941 quudPammeniclrsldoecnoncouveuit.

204 3953 327 4003 themius.
362 3953 422 4003 Nou
433 3953 552 4016 improba
563 3957 648 4002 tumen
661 3959 735 4003 vetus
807 3962 820 3988 ¹
838 3956 1036 4020 connumeres]
1059 3955 1145 4003 Recte
1161 3955 1209 4016 sic,
1225 3961 1251 4003 et
1267 3956 1306 4004 its

203 4029 292 4079 lectio.
338 4028 405 4078 Nam
434 4029 592 4078 innitebatur
622 4029 736 4078 enbitis
776 4029 802 4078 in
820 4029 886 4078 Ccd.
902 4031 1020 4079 Floreat.
1031 4028 1148 4077 Verbum
1159 4029 1216 4090 ejus
1234 4030 1305 4078 artis.

204 4103 321 4153 divitum.
366 4105 471 4168 Quippe
490 4119 593 4154 usuum
611 4105 735 4169 pmriem
774 4106 926 4157 luvenalis:
943 4104 1129 4168 ‘quaenullun
1141 4103 1262 4165 consulit,
1277 4112 1306 4154 et

204 4178 352 4242 accipiebat
374 4180 406 4229 sb
428 4181 535 4242 Anteio,
562 4179 629 4229 loris
652 4187 680 4230 st
702 4181 734 4230 ub
769 4182 826 4247 iarn
837 4179 1005 4230 fossulimr.'

205 4253 279 4304 allis:
296 4267 344 4304 uec
353 4255 734 4322 putuitissecuediclptcprie,
807 4257 920 4316 &Micca
949 4253 1081 4318 bium]
1112 4251 1260 4306 liburnica
1290 4269 1306 4306 s
