3192 4909
519 415 567 466 nu
588 411 789 466 “messuro
812 411 958 473 oanan.
1173 400 1264 469 2147

160 561 277 639 animi,
288 563 324 626 et
338 559 441 642 cajus
453 556 554 641 jussu
576 561 722 622 armatos
734 575 772 620 ee
786 561 989 622 ostentarem
997 555 1020 638 ς’
1041 563 1112 624 tutu
1125 573 1264 648 respou-

158 665 239 730 derc
267 679 394 738 omues,
422 664 432 694 ⁴
461 679 499 724 se
523 678 587 724 non
616 659 720 748 alium
748 666 945 742 accepturos
978 659 1178 742 principun,
1199 661 1265 728 uiri

160 761 330 830 Galbam?
375 759 612 846 Nymphidius,
627 769 805 845 perspecto
819 761 980 846 periculo,
993 762 1028 826 io
1050 762 1181 828 illorum
1201 762 1266 830 ivit

158 865 368 940 renuntiem,
383 869 417 928 et
431 867 442 896 ‘
456 860 578 927 Galbae
601 863 741 926 sunum
766 881 809 926 ac
831 860 1004 946 prospera’
1017 868 1172 945 precatus
1191 870 1264 946 esta

159 965 219 1032 ille
233 966 333 1032 simul
354 983 435 1030 suos
456 964 544 1030 idem
566 965 753 1030 acclamare
773 961 888 1046 jussit.
931 961 989 1028 An
1009 965 1166 1028 excubiis
1184 983 1265 1048 ergo

160 1065 205 1132 ad
219 1073 336 1151 portas
355 1065 522 1130 admissus
536 1065 748 1148 campaneis
762 1083 906 1142 suorum,
920 1065 956 1130 iu
973 1064 1123 1148 ingressu
1145 1067 1264 1134 lancea

158 1170 291 1252 petitur,
307 1167 472 1250 Septimio
484 1166 629 1250 quodam
642 1173 775 1231 scutum
797 1166 987 1249 objiciente.
1030 1166 1098 1236 seu
1121 1185 1199 1238 cutm
1212 1169 1264 1236 vi·

160 1269 251 1336 deret
263 1275 313 1334 tot
327 1270 460 1334 strictos
474 1269 509 1332 iu
523 1287 561 1331 ee
575 1266 704 1350 gladios
718 1266 829 1350 dirigi,
840 1266 1192 1352 tingitirsequeutibus
1205 1271 1264 1354 qui

158 1389 237 1436 enm
251 1371 414 1435 inruilitis
426 1369 566 1434 tentorio
578 1373 745 1434 necarunt.
776 1367 1059 1434 illucescentedie
1071 1371 1264 1453 expositum

159 1471 299 1556 publico
313 1469 456 1536 cadaver
468 1476 532 1547 est,
556 1467 863 1552 indignantiumque
882 1469 1103 1536 coutumeliis.
1147 1468 1263 1538 Galba
1348 1517 1352 1522 -

159 1573 276 1640 audita
288 1573 322 1636 in
337 1571 454 1638 itinere
468 1569 668 1656 Nymphidii
683 1575 799 1649 morte,
814 1571 851 1634 in
870 1571 983 1638 socios
1005 1572 1260 1656 conspirationis

158 1671 311 1738 cedinus
345 1677 513 1755 gmasatue
533 1675 607 1752 est3
628 1671 663 1736 in
683 1672 809 1754 quibus
829 1675 864 1735 et
876 1670 1088 1739 Mithridates
1100 1671 1261 1742 Ponticus

159 1774 292 1842 ludibrii
307 1776 359 1839 soi
372 1775 516 1859 pretinm
528 1773 614 1851 tulit,
636 1779 669 1838 et
683 1771 867 1854 Cingonius
880 1771 991 1838 Varro
1011 1772 1164 1839 formatae
1186 1793 1261 1842 ora·

157 1876 276 1942 tionis.
319 1874 406 1940 Curu
415 1875 491 1940 urbi
505 1875 803 1960 appropinquaret,
817 1875 862 1940 ad
875 1873 1017 1940 Pontem
1030 1873 1187 1942 Milviurn
1199 1876 1262 1940 ob-

156 1977 300 2042 tulerunt
313 1993 350 2040 se
364 1975 540 2054 classiarii,
555 1993 639 2060 quos
655 1974 748 2040 Nero
761 1995 808 2041 ex
819 1975 998 2059 remigibus
1011 1977 1125 2060 justos
1137 1977 1259 2044 militas

157 2077 293 2146 fecerat„
336 2076 450 2142 Galba
472 2077 601 2142 ‘redire
629 2095 689 2142 eoa
718 2077 762 2142 ad
790 2077 966 2162 pristinum
993 2076 1125 2144 stetum’
1148 2076 1260 2161 jussit.

161 2177 230 2245 Sed
252 2180 330 2244 cum
353 2177 573 2262 praevalerent
598 2195 746 2256 numero,
768 2181 802 2242 et
829 2181 1031 2256 recusarent,
1055 2179 1263 2264 obsessaque

157 2279 394 2363 utrinquevia,
407 2280 545 2365 iusuper
565 2279 712 2363 aquilam
735 2283 770 2344 et
793 2280 890 2362 signu
909 2279 1111 2362 poru‘nueins
1130 2279 1263 2362 flagita·

158 2385 245 2459 rent,
269 2380 319 2444 ita
331 2387 368 2446 ut
381 2398 442 2464 per
455 2381 632 2450 tumultum
645 2399 709 2446 uec
725 2379 890 2446 audiretur
902 2399 966 2444 uec
980 2381 1228 2464 eouspioeretur
1239 2401 1263 2448 a

160 2481 288 2567 populo
298 2483 464 2567 priuoeps,
478 2502 585 2566 neque
596 2482 691 2568 rejici
711 2501 748 2548 aa
772 2488 967 2566 peterentur
979 2482 1014 2548 in
1026 2488 1158 2568 tmpus
1169 2503 1262 2552 oom-

159 2583 302 2660 modiuS,
318 2587 473 2665 potantes
487 2584 600 2665 negari
613 2583 703 2666 quod
716 2580 1093 2661 differretur‚trementes
1101 2584 1261 2652 mditioee

159 2689 194 2750 et
217 2683 389 2749 incondito
409 2683 554 2748 elamore
593 2682 859 2765 progredientem
883 2685 1114 2766 sequebantur.
1157 2685 1263 2753 Erant

158 2791 194 2852 et
208 2786 265 2869 qui
281 2783 396 2851 stricto
408 2781 496 2848 ferro
510 2782 579 2846 vim
592 2782 833 2860 minitarentur,
853 2783 920 2850 uisi
940 2783 1075 2853 mitiore
1095 2789 1261 2854 statueret.

158 2885 283 2964 Galba,
296 2885 447 2952 immisso
459 2882 582 2966 equite,
595 2883 791 2967 pervicaces
802 2883 947 2968 disjecit,
958 2891 993 2950 ot
1005 2891 1135 2969 septem
1146 2903 1263 2956 eorum
1299 2968 1302 2972 A

160 2986 269 3052 millia
277 2984 410 3064 cecidit,
424 2985 564 3052 inermen
578 3003 654 3050 otuu
666 2991 797 3066 esseut3
817 2985 895 3052 dein
909 2986 1056 3070 reliquos
1070 2987 1260 3068 decimavit,

156 3091 195 3151 et
216 3087 253 3152 iu
266 3086 402 3153 vincula
422 3085 578 3172 conjecit,
592 3103 681 3172 quos
699 3091 811 3154 tamen
826 3106 891 3152 suo
900 3088 992 3152 malo
1014 3087 1159 3155 libertati
1178 3109 1262 3158 mox

158 3185 313 3252 reddidit.
1238 3251 1243 3258 ¹

205 3286 319 3354 Galba
346 3307 425 3372 ergo
451 3289 579 3375 majore
605 3289 720 3354 favore
744 3294 779 3354 et
805 3289 1002 3358 anctoritate
1029 3289 1173 3374 adeptus
1208 3299 1261 3360 est

160 3405 263 3472 qoam
278 3389 383 3471 gessit
394 3389 591 3474 imperium
611 3407 801 3474 quanquam
810 3390 1126 3458 multadocumeuta
1138 3395 1263 3479 egregii

159 3489 322 3574 principis
333 3488 437 3569 daret,
450 3491 509 3558 aad
522 3509 733 3578 nequaquam
747 3492 821 3560 bero
835 3497 903 3557 tam
923 3498 1021 3575 grata
1040 3499 1142 3574 aaut,
1156 3514 1262 3579 quoru

159 3587 272 3656 invisa
285 3607 364 3675 quaa
382 3608 481 3658 secus
502 3591 627 3658 tierent.
671 3590 797 3658 Omnes
817 3591 941 3678 injuste
953 3594 1140 3662 inexilium
1154 3616 1177 3662 a
1190 3597 1262 3664 Ne-

149 3709 240 3770 rone
260 3691 397 3769 missos,
411 3691 652 3778 cujuscumque
672 3693 811 3773 ordinis,
826 3713 901 3760 cum
921 3693 1047 3775 liberis,
1060 3697 1175 3782 aliqua
1194 3699 1265 3764 clu·

95 3881 97 3886 ,
159 3793 292 3858 meutiae
306 3792 410 3871 lamo,
423 3793 563 3860 restituit
575 3794 695 3878 patriae
709 3802 743 3862 et
755 3796 1001 3879 dignitatium
1021 3803 1132 3866 tamen
1149 3801 1261 3866 bouus.

160 3891 355 3976 Petronium
367 3913 448 3960 vero
461 3893 702 3980 Turpilianum,
718 3900 752 3961 et
777 3915 892 3966 senem
905 3905 949 3965 et
972 3899 1193 3978 consularem,
1209 3901 1263 3966 iu·

160 3991 310 4063 auditum
324 3995 463 4060 interfici
474 3997 588 4083 jussit,
602 4017 667 4062 uon
680 3997 748 4064 alio
759 3999 892 4064 crimine
902 3999 1047 4083 objecto,
1058 4019 1160 4084 quam
1170 4001 1263 4085 quod
1278 4057 1281 4062 .

159 4091 250 4160 fidus
266 4095 393 4164 Neroni
407 4098 582 4178 exbdsset,
595 4117 702 4184 neque
717 4117 754 4165 sa
774 4097 1000 4184 proditoribus
1024 4100 1099 4185 ejus
1117 4098 1261 4185 adjunx-

160 4192 253 4262 isset.
298 4195 407 4280 lilius,
432 4197 635 4283 Polyobtus,
651 4199 821 4282 Locusta
845 4197 1034 4281 Patrobios,
1047 4199 1207 4284 ,Pedana
1226 4211 1262 4270 et
