3192 4909
294 389 386 466 isso
646 407 679 456 o.
703 406 884 456 porussis
906 406 1035 456 raom
1230 408 1277 475 [Α.
1287 409 1391 463 noa.

292 571 357 636 pro
367 551 493 622 ineerta
506 552 539 613 et
551 547 678 632 trepida
702 549 782 626 vitu,
813 547 982 615 suasisse!
1025 547 1192 633 Repertus
1216 554 1269 616 ast
1291 555 1394 630 certe,

295 673 355 736 per
374 651 518 718 medinm
543 649 621 726 olei,
645 649 750 715 nudus
775 650 990 715 exercitando
1004 651 1147 734 corpori.
1189 651 1305 715 Talem
1318 671 1397 716 eum

295 751 657 829 Goumriotruoidovit,
673 771 784 817 corum
799 751 978 833 Pelagone,
1000 754 1160 836 spadone,
1180 773 1282 835 quem·
1301 752 1396 818 Nero

295 855 483 928 Gmturioni
491 855 711 937 etmuuipulo‚
720 854 819 936 quusi
827 853 1024 918 satellitibus
1034 855 1218 918 ministrnm
1231 853 1397 937 Regium,⁸

244 991 253 1002 -·
293 959 531 1040 praeposuerat.
576 954 688 1038 Goput
713 954 879 1019 interfecti
906 955 1049 1050 relatum
1059 963 1084 1019 :¹¹
1114 955 1212 1038 cujus
1238 960 1393 1037 aspectu,

292 1121 363 1173 vite.
397 1121 432 1172 Et
441 1134 496 1170 sose
505 1109 547 1168 sul
557 1119 678 1169 meridiem
689 1118 798 1170 isoestm
816 1124 852 1168 est
869 1087 954 1179 nmo,
974 1132 1068 1194 nempe
1077 1119 1289 1194 ‚ud-aerem
1298 1132 1393 1180 eorpus.

292 1187 335 1236 &r
344 1199 397 1236 sess
406 1184 511 1235 meio
518 1182 627 1246 meets,
633 1189 748 1246 prmeste
757 1185 884 1245 Pelagone,
899 1185 1000 1231 demta
1014 1184 1142 1231 esnlstetrs
1152 1181 1245 1242 teberto,
1252 1196 1319 1244 qussi
1330 1181 1394 1230 Nero

290 1249 430 1314 prolem
438 1247 569 1298 centurioni
579 1247 722 1312 quinque,
730 1248 805 1298 oelsts'
813 1248 907 1308 regisse
916 1246 986 1296 cedis
993 1252 1128 1296 emtores»
1133 1245 1316 1310 parturiens.
1345 1245 1394 1294 cs·

792 1374 899 1425 NO'PAE

323 1487 454 1554 Siquidem
486 1486 554 1550 epod
582 1485 743 1550 Xipbilinurn
770 1501 822 1535 non
895 1486 987 1549 ltaque
996 1485 1077 1545 ilium,
1086 1499 1145 1534 cusu
1155 1483 1227 1533 libris
1241 1483 1339 1547 aliquot
1349 1495 1393 1532 ve·

291 1572 409 1624 necatus,
429 1561 475 1612 sed
499 1562 527 1611 in
548 1560 652 1610 exilium
673 1561 762 1610 missus
782 1567 823 1610 est
862 1560 976 1622 riusest,
995 1559 1029 1611 Α.
1047 1560 1179 1610 Plautium
1199 1559 1296 1621 vocam,
1311 1558 1393 1610 filiurn

293 1636 378 1688 Rufus
389 1637 523 1688 Musonius
542 1635 718 1698 Philosophus,
728 1635 781 1698 qui,
792 1642 823 1685 ut
862 1636 971 1686 soraee
982 1637 1050 1698 ejus,
1059 1635 1104 1700 qui
1114 1636 1147 1684 de
1160 1635 1292 1684 Britsnnis
1306 1635 1395 1686 trium·

292 1713 338 1761 lib.
357 1726 412 1775 seq.
429 1709 564 1761 Cornelius
581 1709 627 1770 sit,
646 1708 732 1757 studia
747 1709 824 1769 juve·
863 1711 960 1774 plruvit.
993 1713 1058 1760 Cum
1080 1719 1169 1760 nostro
1187 1711 1238 1760 isto
1252 1710 1274 1759 si
1284 1710 1395 1761 contun-

291 1800 351 1835 nam
369 1785 508 1849 preceptis
527 1783 661 1847 sspieutiae
676 1796 732 1831 rum
746 1781 824 1831 lovis·
863 1787 911 1844 dis,
931 1786 1013 1849 (quod
1025 1785 1124 1835 faciunt
1138 1784 1248 1851 plures,)
1263 1786 1395 1851 quomodo

291 1870 340 1922 set,
352 1869 413 1925 post
428 1869 534 1908 mortens
553 1859 665 1908 Neronis
677 1857 823 1918 restitutus,
862 1862 904 1909 vel
918 1862 966 1909 bne
978 1868 1053 1924 parte
1065 1861 1256 1914 Tacitumeum
1267 1861 1393 1914 Suetonio

292 1937 358 1986 adeo
369 1951 443 1986 ossus
465 1935 622 1996 Vespasiano
640 1932 699 1994 tuit,
717 1939 745 1984 ut
763 1947 822 1982 cum
858 1935 962 1999 iunges,
975 1937 1018 2001 qui
1030 1936 1203 1998 diversissime
1212 1937 1325 1986 Neronis
1336 1950 1395 1986 ser·

292 2026 380 2062 omnes
393 2011 455 2060 urbe
468 2010 636 2072 Philosoplros
658 2009 725 2058 idem
742 2010 823 2072 impe·
863 2012 896 2060 bs
907 2013 1078 2074 depromunt?
1102 2013 1155 2063 Dio
1164 2027 1197 2061 su
1208 2012 1241 2061 de
1251 2013 1301 2062 boc
1312 2013 1392 2062 Plan·

292 2086 823 2150 rstorexpelleret,unnmexoeperitMu·
862 2093 890 2135 to
911 2087 1011 2136 loeutus
1033 2086 1075 2149 sit,
1092 2087 1194 2137 neseio:
1212 2087 1297 2137 ‘Cum
1311 2086 1391 2137 Plen-

292 2165 400 2216 ssnlnm.
862 2168 918 2210 tum
938 2159 1120 2224 interfecisset,
1143 2177 1204 2212 mox
1229 2169 1309 2226 osput
1333 2163 1392 2226 ejus

325 2240 391 2289 Quee
409 2239 463 2287 Dio
484 2238 587 2289 (lessius
605 2235 726 2300 prodidit,
746 2237 823 2285 aliter
862 2236 911 2285 sibl
922 2239 1026 2287 allstunr
1045 2252 1103 2288 cum
1119 2237 1272 2294 intueretur,
1284 2236 1394 2288 Nescie-

292 2326 368 2377 quarn
387 2311 496 2360 Suidas:
513 2311 555 2360 blo
567 2311 634 2360 eninr
645 2312 770 2374 scriptum
782 2325 822 2360 re·
862 2311 930 2374 baur,
949 2312 1039 2377 inquit,
1057 2313 1141 2376 ipsum
1162 2327 1282 2377 mugnano
1296 2326 1392 2367 ,nasum

290 2386 385 2449 liquit:
403 2383 555 2432 ‘Musonius
576 2384 734 2445 Babylonius
761 2386 823 2434 Phi·
861 2386 976 2435 baben:

290 2458 413 2520 losopbus
422 2456 525 2507 Stoicus
537 2471 567 2505 no
577 2457 748 2518 melectinus,
757 2464 822 2506 tem·
894 2462 962 2511 Nem
973 2477 1005 2511 es
1016 2462 1095 2512 verbs
1113 2461 1216 2512 diserss
1234 2462 1267 2512 sb
1277 2463 1333 2512 istis
1343 2465 1393 2526 'lb-

292 2547 355 2597 pore
382 2533 504 2593 Neronis,
530 2529 663 2583 familiaris
691 2534 822 2596 Apollonii
860 2535 914 2585 elti.
932 2537 1095 2588 eriatsmeu
1115 2543 1202 2600 neget,
1222 2537 1284 2601 quin
1294 2544 1323 2588 et
1331 2539 1392 2590 bne

291 2607 399 2676 '1⁸ysuei,
412 2623 428 2655 s
439 2608 542 2656 Nerone
559 2607 653 2656 deiude
671 2607 705 2655 ob
727 2607 822 2670 lingnre
860 2611 976 2672 potuerit
984 2611 1144 2675 adjungere?
1160 2611 1266 2675 tapnim

290 2680 650 2732 licentiamintert'ectusest.'
672 2680 822 2734 Vertrssius.
893 2685 953 2733 Non
964 2685 1085 2748 adjunxit
1104 2687 1161 2735 bne
1172 2687 1256 2748 Nero,
1276 2693 1392 2752 utputo,

327 2757 420 2819 Greci]
436 2755 504 2806 Vide
515 2760 606 2806 trull.
861 2759 907 2807 sed
926 2759 977 2807 alls
1005 2759 1083 2809 verbs
1104 2774 1210 2822 prorsus
1228 2761 1320 2811 tribuit
1338 2763 1391 2814 Dio

326 2831 422 2893 Thuri]
438 2833 548 2882 'l'buscis
558 2833 599 2882 vel
611 2831 725 2884 Etruris.
751 2835 820 2884 Vide
860 2835 960 2884 Neroni
971 2849 1018 2898 pro
1028 2835 1242 2885 diversstsnrset
1251 2839 1391 2900 gonterul-

292 2921 331 2960 ιι.
344 2913 384 2957 lt.
862 2909 897 2972 εἰ,
906 2910 950 2973 qul
961 2910 1173 2960 diversostribult
1182 2926 1313 2963 semones
1320 2913 1391 2976 prin·

318 2986 326 3017 ⁸
337 2985 478 3036 Misistrssr
487 2983 600 3046 Βρύκη]
608 2984 822 3050 Practpuemore
861 2985 964 3048 cipibus
974 3001 1045 3048 ssrpe
1056 2986 1082 3034 in
1094 2985 1185 3036 eadem
1196 3001 1235 3038 re.

290 3060 600 3124 regumregisl’erssrom
608 3061 823 3128 Parthorumque,
893 3063 928 3112 Et
939 3077 1030 3112 vonum
1045 3070 1087 3112 est
1103 3064 1244 3114 conciliare
1252 3066 1320 3116 selle
1329 3080 1390 3118 sues

290 3137 334 3200 qui
346 3136 471 3185 semiviris
483 3136 516 3185 sd
528 3137 758 3200 exequeudsjusss
767 3143 823 3188 ute·
861 3144 932 3189 toros
949 3138 1016 3199 illos,
1032 3137 1076 3201 qui
1089 3137 1227 3188 dissentire
1242 3140 1293 3203 ipsi
1304 3143 1391 3194 volas-

290 3210 399 3260 bsntur:
412 3211 449 3258 sie
461 3219 488 3258 et
505 3225 572 3259 nune
582 3211 607 3259 in
618 3226 686 3260 more
699 3219 739 3260 est
751 3213 820 3275 apud
859 3219 938 3264 root:
957 3214 1054 3276 quippe
1076 3213 1191 3263 homines
1213 3221 1281 3265 sunt.
1313 3217 1390 3268 'l'sei-

264 3343 267 3348 ἱ
289 3285 437 3343 Turonium,
449 3283 636 3346 Persarumque
646 3297 729 3346 reges,
740 3285 821 3348 quiin
861 3292 911 3346 tus,
923 3287 976 3336 Dio
992 3294 1020 3337 et
1038 3289 1176 3338 Suetonius
1192 3291 1351 3342 conveniunt
1361 3292 1390 3342 in

290 3364 392 3420 psrtem
406 3357 550 3418 libidinum,
570 3365 599 3405 ut
617 3358 821 3420 etimperiisue·
860 3361 1006 3412 substantie
1025 3363 1072 3425 rei,
1091 3370 1120 3412 st
1138 3365 1164 3413 in
1185 3365 1389 3417 circumstantiis

291 3445 402 3480 cessere.
858 3433 993 3498 differunt,
1012 3443 1058 3487 ant
1078 3437 1174 3488 silent:
1202 3445 1230 3488 et
1251 3439 1321 3490 idem
1342 3441 1389 3492 ille

324 3511 335 3536 ¹
354 3507 431 3566 Copst
446 3504 567 3582 interfecti
582 3505 694 3567 relubssr]
712 3507 770 3556 Non
781 3523 820 3556 es·
858 3511 968 3564 Pisutus
978 3520 1030 3574 est,
1045 3512 1140 3577 dequo
1155 3519 1209 3564 tres
1220 3514 1257 3565 ilii
1268 3522 1389 3565 suctores

292 3594 325 3642 go
337 3577 404 3627 idem
415 3581 457 3628 bie
468 3581 512 3629 ille
525 3581 720 3642 Plsutus,cujus
728 3597 819 3634 necem
857 3586 928 3634 saris
939 3586 1032 3637 afferre
1043 3587 1172 3637 sidentur.
1206 3587 1243 3637 At
1258 3585 1340 3649 dieu,
1355 3603 1390 3638 ex

291 3654 428 3702 suetonius
448 3655 537 3702 retulit
548 3668 572 3703 o.
584 3659 624 3704 15.
659 3657 716 3706 Non
730 3657 817 3707 bercle
857 3661 992 3724 Suetonio,
1018 3664 1078 3712 sisa
1104 3662 1257 3726 Agrippins,
1279 3671 1388 3714 neestns

291 3721 377 3793 idem:
399 3729 480 3778 multe
502 3729 613 3780 obstent.
647 3730 761 3781 Primum
772 3734 817 3782 ille
857 3727 983 3788 Pleutius.
1015 3736 1388 3801 lloeint'errerertononpos·

292 3799 360 3866 inter
371 3815 472 3864 pueros,
482 3811 526 3852 eut
538 3813 610 3852 certe
623 3813 701 3854 setste
711 3805 818 3856 interior
856 3810 931 3860 siser
941 3813 1150 3863 serbisSuetonii
1161 3830 1168 3860 :
1179 3814 1387 3877 nssnpostillum

292 3889 368 3941 quem
389 3877 468 3940 Nero,
483 3878 586 3942 (stupro
602 3881 670 3930 eninr
682 3892 742 3930 aute
754 3898 819 3932 mor·
857 3888 1283 3952 occisummecstsmquentntrem,
1299 3889 1389 3951 potnit

291 3957 345 4000 tem
356 3951 393 4002 illi
404 3954 542 4014 cognitus,)
563 3962 591 4004 at
615 3957 662 4004 iste
681 3959 816 4020 grandior:
859 3961 929 4009 Nero
949 3962 1046 4023 psriter
1062 3961 1089 4011 id
1111 3963 1213 4028 utrique
1232 3963 1386 4026 obiectare:

289 4026 334 4076 ille
349 4026 437 4076 Romra
458 4027 537 4080 fuisse
557 4029 655 4093 debuit,
666 4047 724 4082 crim
736 4051 819 4085 coesus
858 4037 927 4085 ‘Eut
936 4051 1004 4086 nune
1014 4045 1386 4088 mstermesetsuoeesssresr

290 4108 346 4161 est3
356 4101 523 4152 inAsisiste:
536 4104 580 4154 ille
592 4107 651 4156 viva
665 4108 820 4174 Agrippina,
857 4123 943 4160 meum
953 4111 1103 4164 osculetur?
1136 4113 1244 4164 Sueten.
1253 4117 1296 4162 ⁸6.
1311 4119 1341 4162 ot
1350 4126 1386 4162 ex

290 4173 332 4226 bie
344 4187 446 4252 mqrtus
461 4178 573 4244 pridem,
582 4179 743 4232 interiectus.
857 4187 945 4238 serbis
954 4189 1119 4256 sequentibus
1128 4189 1200 4240 elsre
1211 4189 1305 4257 liquet,
1320 4190 1386 4242 Sue·
