3192 4909
567 387 612 438 ur
634 384 833 444 sueurssro
852 386 998 439 cauus.
1229 371 1326 440 «2166

225 559 330 626 prope
342 538 450 608 orati
472 535 576 615 Gali,
596 535 734 620 direptis
757 537 859 610 etiam
888 537 1143 622 inpedimenta.
1186 537 1323 610 Vindex

219 642 370 710 marsa
385 641 547 706 subitanei
563 646 663 740 atque
676 639 806 723 inopini
826 640 933 722 praelii
945 645 1075 718 eventu,
1088 659 1166 706 cum
1180 641 1323 723 periisse

222 745 293 812 sibi
321 748 466 806 cerneret
491 742 603 825 ipsum
626 741 750 806 Gallie>
777 742 904 818 florem,
932 747 966 806 et
990 748 1149 824 suspecta
1172 741 1323 825 Verg'nfi

223 845 351 923 euna,
362 845 461 928 quasi
475 841 554 909 dolo
568 849 602 910 et
622 865 681 929 per
705 844 847 910 insidias
865 848 1000 928 ceptum
1019 844 1129 927 ipsum
1153 844 1323 910 &summ

183 933 188 940 ¹
219 966 321 1016 smus
340 950 429 1010 esset
453 944 497 1010 ud
513 943 691 1024 Neronem,
705 943 818 1028 gladio
840 945 1074 1012 suoineubuit.
1117 944 1322 1030 Persequen-

217 1047 306 1114 lium
324 1047 577 1129 legionariorum
588 1048 681 1114 multi
699 1048 845 1120 cadaver
865 1048 1056 1113 vulneribus
1078 1046 1321 1125 manahem,

222 1149 352 1233 sibique
366 1149 451 1214 false
464 1149 662 1233 arrogabant
674 1151 824 1232 gloriam,
832 1151 934 1234 quasi
953 1147 1189 1214 interfecissent
1202 1146 1324 1218 Vindi-

217 1270 309 1329 cem,
340 1271 401 1334 spe
425 1252 568 1337 praemii,
592 1253 623 1318 si
644 1251 730 1316 torte·
750 1251 841 1316 Nero
867 1251 1012 1317 viciare
1057 1250 1243 1334 Postquam
1270 1251 1322 1322 eie

218 1358 401 1436 pugnaturn
422 1361 520 1430 esset,
534 1372 648 1422 uersus
664 1354 708 1418 ed
725 1353 954 1436 Principntum
971 1352 1223 1436 suscipiendum
1235 1351 1321 1418 Ver·

218 1453 332 1536 ginius
353 1455 494 1520 militurn
515 1457 657 1522 vocibus
678 1456 949 1538 compellebatur,
971 1456 1094 1538 quibus
1114 1463 1149 1518 et
1168 1472 1320 1524 aeoesso·

221 1561 297 1620 runt
318 1555 458 1620 aliarum
480 1555 646 1638 legionum
674 1557 866 1640 legationes,
888 1557 1071 1633 offerentes,
1087 1560 1098 1589 ‘
1112 1555 1206 1638 quod
1223 1556 1259 1623 in
1281 1573 1320 1622 se

215 1656 495 1738 essetmmiiiunu
517 1664 577 1722 aut
592 1659 740 1740 alioquin
752 1658 916 1724 redituros
932 1658 975 1722 ad
991 1662 1234 1722 sacramentum
1250 1653 1321 1721 Ne-

217 1757 333 1822 ronis!
376 1757 565 1840 Verginius,
582 1760 754 1844 deplorato
768 1761 911 1825 infelicis
925 1760 1026 1825 amici
1047 1777 1141 1834 casn,
1156 1756 1321 1822 abnuebat

217 1859 437 1943 colloquium,
447 1860 571 1926 Galliae
582 1861 737 1928 interiore
746 1862 906 1928 adituros.
948 1861 1050 1926 Hunc
1063 1861 1190 1924 exitum
1203 1858 1321 1925 habuit

216 1959 332 2026 Julius
353 1961 502 2038 Vindex,
518 1963 568 2026 vir
590 1962 685 2028 ardui
707 1964 819 2045 potius
841 1967 979 2028 conatus
993 1980 1096 2047 qnam
1123 1961 1238 2037 fausti,
1259 1959 1319 2041 qui

217 2061 401 2144 imparatus
414 2063 458 2126 ab
473 2063 622 2128 exercitu
635 2063 695 2127 rite
709 2064 881 2141 instructo,
895 2062 989 2128 nulla
1009 2063 1150 2144 legione,
1165 2061 1261 2126 nullis
1282 2061 1319 2124 iu

217 2163 393 2244 provincie
419 2182 482 2226 sua
503 2163 674 2242 militibus,
687 2170 722 2228 et
740 2165 819 2228 dum
840 2166 899 2229 alii
912 2165 1026 2240 duces,
1043 2162 1164 2246 quibus
1186 2163 1272 2226 vires
1284 2166 1319 2226 et

215 2262 376 2347 faventior
400 2264 540 2340 satana,
570 2267 699 2330 eminus
724 2271 793 2330 tem
821 2265 1027 2348 periculosas
1052 2263 1241 2330 molitiones
1266 2261 1318 2326 in·

217 2369 415 2446 spectarent,
430 2365 520 2428 helio
534 2365 697 2430 lacessere
711 2385 815 2430 ausus
828 2369 880 2430 est
899 2364 1093 2448 principem,
1109 2363 1165 2426 eui
1186 2363 1318 2443 triginta

216 2464 366 2546 legiones
380 2466 415 2529 in
429 2466 547 2546 ermis;
569 2483 711 2548 eumque
727 2465 924 2549 Principatu
934 2484 994 2548 per
1008 2469 1150 2548 quatuor
1162 2463 1316 2528 Caesares

215 2567 429 2650 emejoribus
450 2567 521 2632 suis
543 2567 587 2632 ad
608 2571 646 2630 s'e
668 2567 836 2644 devoluto,
857 2585 986 2650 suaque
1007 2565 1145 2648 insuper
1159 2572 1316 2647 quatuor·

216 2663 324 2730 decim
345 2685 505 2732 annornm
525 2665 812 2740 administratione
825 2668 1019 2732 subnixum.
1065 2665 1175 2744 Quem
1197 2665 1316 2730 ducem

17 2826 19 2834 ,
142 2837 148 2852 ,
213 2785 280 2830 non
294 2767 424 2849 privetu
436 2767 623 2850 desperatio
637 2767 823 2850 impulisset
843 2770 878 2832 in
901 2769 985 2850 reip.
1006 2767 1156 2844 exitium,
1170 2773 1228 2830 aut
1242 2768 1315 2832 vin·

214 2867 319 2946 dieta,
341 2871 385 2934 ob
406 2868 565 2952 perditam
588 2869 737 2951 gratiam,
753 2873 813 2934 eut
834 2869 982 2934 dedecus
1005 2866 1155 2951 aliquod,
1170 2871 1315 2950 arripere

214 2971 377 3040 suasisset
397 2970 582 3054 imperium,
605 2969 737 3056 (ampla
758 2972 857 3036 noris
879 2971 980 3036 rebus
998 2966 1179 3051 materies,)
1196 2967 1256 3032 sed
1280 2974 1315 3033 ut

213 3072 423 3138 incubantem
437 3072 555 3156 patriae
571 3071 774 3156 tyrannidem
788 3072 1005 3156 propulsaret,
1020 3070 1141 3134 ellectu
1154 3069 1315 3153 mmacri,

214 3178 250 3242 ut
265 3173 342 3238 vilis
353 3173 421 3256 ipsi
438 3173 508 3238 vita
518 3180 552 3238 et
565 3175 727 3238 securitas
742 3171 916 3238 rideretur.
951 3170 1037 3236 Cum
1050 3171 1138 3234 enim
1151 3171 1183 3233 ei
1197 3189 1315 3234 renunP

214 3273 368 3351 claretur,
392 3271 568 3352 Neronem,
591 3274 702 3338 edicto
718 3277 845 3357 ‘caput
865 3273 941 3357 ejus
961 3273 1079 3338 venale
1100 3269 1315 3355 proposuisse

212 3375 320 3456 pretio
341 3373 453 3438 decies
475 3375 564 3440 mille
587 3374 806 3453 sestertiura,’e
825 3376 1005 3459 respoudit,
1021 3381 1030 3408 ‘
1047 3375 1105 3458 qui
1127 3371 1316 3438 obtruncati

193 3527 198 3540 .
213 3473 355 3542 Neronis
378 3481 481 3560 caput
494 3476 575 3545 mihi
594 3477 759 3554 obtulerit,
775 3496 850 3540 meo
869 3477 1013 3541 invicem
1024 3475 1168 3540 donatus
1184 3470 1313 3538 abibit?

212 3573 258 3638 Et
278 3593 467 3659 quanquam
485 3577 613 3642 foruna
627 3578 763 3643 abstulit
785 3577 914 3642 virtutis
935 3596 1043 3656 usum,
1067 3584 1102 3640 et
1129 3575 1248 3640 intesta
1271 3594 1313 3642 eo

210 3693 297 3742 casn
321 3675 400 3753 sate,
427 3676 577 3742 humanis
604 3680 754 3744 consiliis
783 3680 875 3744 flecti
905 3679 1032 3756 nescia,
1062 3679 1312 3744 intercesserunt

211 3776 335 3862 poeptis
351 3776 549 3858 audacibus,
564 3778 731 3844 latendum
745 3787 867 3858 tumen,
881 3779 1056 3852 Vindicem
1070 3781 1213 3863 primum
1229 3779 1313 3862 lupi·

211 3876 286 3942 dem
301 3878 458 3958 movisse,
475 3881 532 3962 qui
544 3881 667 3946 sensim
682 3882 889 3963 provolutus,
905 3882 1070 3948 Neronem
1093 3883 1178 3947 solio
1200 3881 1310 3944 detur·

703 4081 814 4133 NOTAE

618 4219 629 4245 ⁶
645 4214 743 4262 250000
759 4209 885 4264 coronati.
