3192 4909
351 385 440 458 9186
471 457 480 467 ,
777 405 877 458 scas
899 406 1067 459 ursonis

349 549 455 622 bavit.
512 551 575 618 1110
604 553 763 640 Neapoli⁴
777 555 820 620 da
840 559 933 623 motu
964 557 1152 623 Galliarum
1179 559 1334 642 cognovit
1357 558 1435 624 circu

345 641 546 736 rig'esimum
574 655 660 722 diem
689 656 824 738 Martii3
848 657 1002 742 adeoque
1012 658 1100 722 lenta
1121 663 1159 722 et
1181 675 1298 723 secure
1315 659 1437 736 usitat

349 755 433 820 nibil
460 775 504 819 ex
528 758 763 824 cousuetudine
789 761 891 823 luxus
917 766 1015 843 atque
1040 759 1182 826 desidite
1211 761 1373 826 omitteret
1391 759 1438 823 rel

350 856 567 936 imminueret,
601 860 660 922 sed
694 861 866 942 gaudentis
893 861 995 925 etiam
1021 862 1251 945 suspicionem
1279 861 1435 944 praeberet,

348 961 507 1042 tanquam
531 962 708 1026 occasione
728 967 808 1026 nata
830 964 1078 1048 spoliandarum
1098 964 1178 1048 jure
1208 961 1292 1028 belli
1318 961 1438 1046 opulas

351 1058 552 1124 tissimamm
566 1064 823 1146 provinciarum.
867 1065 983 1131 Goenae
994 1072 1144 1150 tempore
1160 1064 1439 1148 interpellatum-

350 1160 621 1226 multuosioribus
646 1165 761 1243 literis,
788 1166 944 1232 hactenus
965 1167 1156 1245 excanduit,
1170 1171 1211 1231 ut
1225 1169 1238 1200 ⁶
1252 1165 1372 1230 mulum
1390 1161 1437 1240 i‘m

351 1261 409 1343 qni
434 1261 628 1341 descissent,
654 1271 688 1330 et
708 1266 827 1333 hilaria
851 1288 915 1334 sua
933 1271 1108 1347 turbarent,
1122 1265 1332 1345 minaretur3’
1350 1265 1393 1328 ita
1405 1267 1438 1326 ut

349 1379 410 1444 per
425 1368 502 1426 octo
524 1367 698 1430 continuos
713 1366 786 1433 dies
801 1389 867 1434 uon
880 1373 1076 1437 rescriberet
1089 1372 1264 1455 cuiqnam,
1277 1385 1341 1430 non
1358 1381 1437 1428 man·

347 1457 443 1524 daret
452 1463 530 1545 quid
545 1473 606 1532 aut
618 1470 828 1552 praeciperet,
836 1476 871 1535 et
883 1491 951 1536 ram
963 1473 1303 1556 silentioqblitcraret.
1324 1464 1437 1531 lldictit

350 1562 486 1627 tandem
512 1563 666 1632 Vindicis
685 1571 934 1636 contumeliosis
957 1577 994 1637 ct
1017 1573 1250 1655 frequentibus
1272 1571 1435 1653 pomum,

352 1664 511 1730 Senatum
534 1669 678 1750 epistola
699 1672 901 1736 inultionem
924 1675 977 1738 sui
995 1673 1278 1756 Reiquepnblicm
1302 1668 1437 1733 scinu

351 1769 404 1828 tus
418 1773 484 1844 est,
491 1776 651 1835 excusato
664 1773 824 1854 languore
839 1773 995 1850 saucium,
1009 1777 1146 1856 propter
1159 1790 1264 1856 qnam
1276 1786 1342 1833 nou
1354 1764 1438 1838 adet·

352 1874 415 1933 set.
459 1869 575 1935 Cetera
589 1875 743 1938 convicia
756 1875 921 1954 Vindicis,
935 1881 975 1939 ut
995 1875 1092 1954 salm,
1106 1895 1172 1940 non
1188 1875 1259 1940 alio
1281 1884 1436 1954 argumen-

352 1975 387 2034 to
409 1971 585 2052 refellebat,
603 1994 703 2057 qnam
719 1976 809 2059 quod
830 1978 931 2042 ctiam
952 1978 1086 2041 inscitia
1102 1981 1278 2061 tantopere
1295 1973 1435 2038 manu

316 2095 318 2102 ·
351 2071 575 2157 perfectaeque
596 2095 617 2138 a
641 2096 678 2140 se
696 2077 777 2141 artis
799 2077 1010 2159 objiceretur3
1032 2077 1184 2160 singulos
1204 2073 1344 2142 subinde
1361 2067 1435 2149 ruri·

351 2179 438 2251 tans,
453 2179 650 2242 ‘nossentne
677 2196 864 2262 quenquam
890 2177 1175 2261 praestantiorem?
1220 2177 1370 2248 Senatus
1386 2185 1434 2232 ate

354 2275 462 2358 ceptis
476 2277 579 2342 literis
598 2278 754 2357 Neronis,
766 2299 826 2344 seu
850 2280 997 2344 adulatio
1014 2298 1074 2344 seu
1094 2278 1293 2354 metus-init,
1308 2268 1434 2337 ‘Vindi-

353 2397 426 2441 cem
451 2379 702 2462 perduellionis'
716 2381 862 2459 damnat,
889 2380 947 2464 qui
969 2379 1059 2445 idem
1082 2383 1218 2444 senatm
1244 2375 1348 2462 paulo
1366 2373 1433 2456 poti

353 2476 520 2542 Neronem
547 2479 665 2543 eodem
693 2481 788 2544 titulo
816 2480 999 2547 infamavit.
1057 2479 1125 2544 Sed
1152 2477 1345 2563 urgentibus
1368 2469 1433 2536 aliis

352 2597 454 2661 super
469 2579 553 2643 alios
569 2581 704 2658 nuntiis,
720 2579 864 2644 Romam
887 2580 979 2645 Nero
1000 2580 1222 2664 praetrepidus
1245 2577 1352 2646 rediit-
1376 2568 1432 2634 Ἀθ

350 2698 393 2744 ne
412 2688 491 2746 tunc
513 2681 646 2765 quidem
668 2687 728 2746 aut
747 2681 873 2747 Senatu
901 2687 961 2746 aut
979 2683 1107 2766 populo
1131 2694 1248 2749 coram
1268 2673 1431 2763 appellum

212 2835 230 2868 ,
352 2783 516 2866 quosdam
540 2802 560 2847 e
581 2784 780 2866 primoribus
804 2785 886 2848 viris
908 2783 1040 2849 demum
1059 2789 1162 2850 noctu
1188 2779 1352 2855 evocavit,
1373 2779 1432 2839 tm·

352 2901 453 2965 quam
475 2883 714 2948 deliberatnms
735 2884 777 2949 de
798 2905 835 2949 re
855 2885 960 2968 gravi,
983 2891 1217 2969 bansacmquc
1237 2879 1432 2967 raptaue

350 2984 537 3063 saltatione,
552 2985 729 3068 proposuit
742 3005 817 3068 quae
829 2987 865 3050 in
880 2986 1027 3052 Musicis
1040 3005 1129 3053 nova
1140 2986 1369 3069 excogitasset,
1381 2991 1431 3058 1³²¹

352 3103 477 3168 organa
489 3085 683 3171 hydraulica
693 3089 772 3152 novi
792 3094 828 3152 et
840 3089 944 3170 ignoti
958 3090 1103 3171 generis3
1125 3075 1431 3167 osandensquoaiu

351 3189 443 3268 gula,
463 3187 506 3251 de
527 3187 654 3251 ratione
667 3206 708 3252 ac
722 3187 913 3254 difficultate
927 3190 1090 3273 cujusque
1102 3187 1280 3266 dimersus,
1294 3178 1429 3286 addabtb

348 3293 362 3324 ⁴
378 3293 543 3373 repertum
558 3288 635 3365 sibi,
661 3288 832 3371 quomodo
846 3289 995 3371 graviora
1021 3294 1055 3353 et
1067 3289 1233 3372 vegetiora
1248 3303 1329 3354 sono
1350 3273 1430 3343 aad*

350 3397 472 3468 rentur,
485 3389 623 3474 jamque
645 3389 746 3454 ctiam
760 3389 963 3472 prolaturum
978 3391 1093 3454 omnia
1105 3389 1141 3453 in
1161 3382 1337 3454 tbaatrnm'
1354 3373 1429 3442 affl·

349 3493 465 3569 marit,
496 3491 549 3556 ‘si
576 3509 637 3574 per
660 3488 840 3554 Vindicem
862 3487 982 3572 liceat?
1036 3489 1105 3554 Sed
1123 3495 1306 3573 postquam
1327 3472 1429 3545 (ΜΦ

351 3591 496 3656 Galbam
511 3598 544 3657 et
562 3591 750 3674 Hispanias
763 3589 947 3656 descivisse
961 3590 1127 3674 cognorit,
1142 3591 1312 3674 collapsus
1323 3582 1429 3648 an'm·

351 3711 417 3777 que
442 3693 529 3757 male
551 3692 666 3770 fracto,
690 3692 748 3758 diu
770 3698 805 3758 et
831 3693 903 3756 sine
925 3711 1009 3756 voce
1030 3697 1066 3758 at
1085 3709 1191 3776 prope
1217 3685 1429 3756 intermortuus

348 3793 476 3880 jacuit:
498 3798 602 3877 utque
615 3793 766 3877 resipuit,
779 3797 872 3860 vesto
893 3790 1048 3873 diaetam,
1070 3793 1184 3877 capita
1201 3783 1427 3859 conversata

847 3971 956 4026 uorat

383 4085 536 4152 ΨΜ]
560 4087 630 4138 Vri·
640 4087 882 4153 Campanam„
923 4069 1428 4150 mmhuemnrsmsapuim

351 4166 470 4228 putamur
480 4164 597 4216 adunare
611 4165 788 4228 Tyrrhenum
802 4163 880 4214 bodie
926 4162 1048 4213 litteram

353 4239 455 4304 Neapoli
476 4239 561 4305 ltalia,
580 4239 668 4304 Nupta
685 4237 803 4304 Francis,
816 4237 883 4290 urbs
